2916 5004
521 394 735 453 ...13-

61 577 103 629 διδ
120 576 167 629 καὶ
185 579 303 629 καλεῖται
330 575 381 628 ind
406 578 459 628 τῶν
479 580 606 643 Πυθαγο-

61 665 145 732 ρείιον
162 660 301 731 παρθένος
314 657 431 731 άμητωρ.
450 664 504 715 τῶν
518 660 607 714 ἄλλων

62 751 116 800 τῶν
142 743 214 803 έντδς
241 747 352 802 δεκάδος
379 747 393 799 ὃ
419 746 472 815 μὲν
499 747 524 800 δ’
552 745 606 799 ὑπὸ

62 834 160 889 δυάδος
178 837 306 903 γεννᾶται
323 875 329 888 .
344 874 369 888 ..

282 939 306 974 κ.
325 939 345 974 τ.
363 921 385 973 λ.

63 1354 193 1415 πλανῆται
212 1351 235 1414 ζ’
255 1392 281 1405 ..
297 1392 316 1414 .,

64 1526 93 1576 αἱ
120 1524 258 1595 ἰσημερίαι
284 1523 318 1576 δι’
344 1522 413 1576 ἑπτά
439 1525 535 1590 μηνῶν
560 1520 607 1574 καὶ

65 1612 95 1663 αἱ
113 1610 210 1680 τροπαί
229 1650 275 1662 ...

64 1696 209 1766 σπλάγχνα
249 1695 282 1760 ζ’,
322 1693 456 1769 στόμαχος
499 1692 606 1762 καρδία,

64 1781 202 1850 πνεύμων,
221 1774 302 1850 ἧπαρ,
321 1779 416 1845 σπλήν,
435 1778 533 1850 νέφροι
551 1777 607 1832 δύο.

58 1869 200 1937 Ἡρόφιλος
218 1865 249 1920 δὲ
264 1865 292 1918 τδ
310 1867 356 1918 τοῦ
375 1860 525 1936 άνθροίπου
537 1863 608 1917 ἔντε-

65 1975 114 2022 ρον
140 1956 239 2023 πηχῶν
264 1948 337 2006 είνοιί
363 1968 429 2021 φησι
455 1952 509 2017 κα’,
541 1949 608 2019 ὅπερ

62 2039 116 2093 είσὶ
135 2047 203 2108 τρεῖς
221 2037 376 2110 έβδομάδες.
394 2037 499 2108 κειραλή
512 2038 609 2107 χρῆται

64 2128 156 2196 πόροις
174 2128 206 2192 ζ’,
226 2125 384 2196 ὀφθαλμοῖς
402 2123 457 2189 δύο,
482 2119 532 2175 cici
551 2122 607 2187 δύο,

62 2215 193 2283 μυκτῆρσι
212 2211 268 2277 δύο,
287 2212 396 2283 στόματι
415 2253 420 2264 .
437 2251 462 2263 ..

64 2301 90 2352 οἱ
107 2299 212 2368 εὔριποι
229 2293 275 2351 ἐπὶ
293 2299 417 2351 πλεῖστον
439 2293 545 2354 ἑπτάκις
566 2296 609 2358 τῆς

65 2386 168 2457 ἡμέρας
186 2384 385 2454 μεταβάλλουσι.

100 2473 192 2538 39,12.
219 2469 336 2521 καλεῖται
363 2468 379 2532 ἦ
406 2470 485 2526 δεκάς
515 2470 609 2540 κράτος

65 2560 111 2611 καὶ
129 2554 279 2621 παντέλεια,
302 2549 361 2609 ἐπεὶ
381 2555 469 2608 πάντα
487 2557 609 2624 περαίνει

65 2645 110 2695 τὸν
150 2639 270 2712 άριθμδν
308 2637 473 2710 περιέχουσα
517 2644 609 2694 πᾶσαν

66 2729 150 2799 φύσιν
176 2728 248 2783 έντδς
274 2726 375 2792 ἑαυτῆς,
404 2722 494 2796 άρτίοο
518 2727 609 2780 τεκαὶ

65 2817 201 2882 περισσοῦ,
214 2811 374 2884 κινουμένου
383 2830 410 2866 τε
422 2812 467 2865 καί
478 2809 607 2878 άκινήτου,

67 2897 177 2969 άγαθοῦ
194 2899 241 2952 καί
258 2901 344 2952 κακοῦ
348 2900 377 2969 ²)
397 2943 402 2953 .
418 2939 425 2953 .
439 2942 444 2953 .

657 574 717 627 οὔτε
735 577 818 644 γεννᾷ
836 571 927 642 ἕτερον
943 591 1003 626 συτε
1015 575 1140 643 γεννᾶται
1151 563 1201 642 ὑφ’

657 658 759 730 ἑτέρου·
793 660 834 713 διδ
865 658 911 711 καὶ
935 656 1036 722 Ἀθηνᾶ
1067 659 1119 712 ὑπὸ
1148 659 1203 710 τῶν

656 749 857 816 Πυθαγορικῶν
874 741 1001 810 ἐκαλεῖτο,
1030 745 1089 797 οὔτε
1106 743 1203 814 μητρός

656 852 723 888 τινος
750 825 817 884 οὖσα
844 831 903 884 οὔτε
931 831 1028 901 μήτηρ·
1059 829 1118 884 οὔτε
1146 829 1202 899 γάρ

656 921 759 989 γίνεται
788 912 818 972 έκ
848 917 1021 986 συνδυασμοῦ
1050 915 1110 971 οὔτε
1139 933 1202 968 συν-

658 1005 781 1068 δυάζεταί
793 1023 849 1057 τινι.
872 1004 926 1054 τῶν
938 1002 993 1072 γάρ
1007 1001 1137 1072 ἀριθμῶν
1148 1003 1203 1053 τῶν

656 1087 688 1146 ἐν
705 1094 737 1162 τῇ
755 1089 848 1145 δεκάδι
866 1089 892 1141 οί
909 1086 964 1159 μὲν
981 1090 1097 1156 γεννῶσι
1113 1086 1201 1140 τεκαὶ

657 1179 812 1247 γεννῶνται,
842 1174 877 1232 ῶς
900 1173 913 1227 ὃ
935 1174 961 1228 δ’
979 1175 1065 1244 γεννᾷ
1082 1170 1135 1243 μὲν

877 1281 901 1316 κ.
920 1279 940 1315 τ.
960 1262 982 1314 λ.

659 1347 713 1404 <ind
739 1351 848 1418 τροπῶν
875 1345 906 1401 δὲ
931 1341 977 1400 ἐπὶ
1003 1345 1101 1414 τροπάς
1121 1348 1203 1416 μῆνες

656 1435 737 1496 ἑπτά·
756 1434 784 1487 τό
797 1451 824 1486 τε
837 1434 938 1497 πλῆθος
950 1435 1004 1487 τῶν
1016 1431 1203 1501 κλονουμένων

658 1521 736 1577 έπιά·
764 1519 810 1574 καί
837 1520 893 1574 άπδ
919 1520 1060 1588 ἰσημερίαι
1079 1511 1126 1571 ἐπὶ
1144 1515 1203 1581 ίση-

658 1609 759 1679 μερίαν
783 1609 866 1677 μῆνες
892 1606 971 1662 ἑπτά·
1002 1603 1048 1658 καὶ
1074 1602 1151 1673 πόροι
1172 1601 1204 1656 δὲ

659 1695 777 1764 κεφαλῆς
795 1691 863 1746 ἑπτά
869 1711 875 1724 ·
899 1693 946 1746 καὶ
963 1691 1109 1760 σπλάγχνα
1127 1687 1203 1755 ἑπτά,

659 1782 776 1848 γλῶσσα,
806 1779 914 1848 καρδία,
948 1765 1084 1846 πνεύμων,
1121 1768 1202 1843 ἧπαρ,

660 1864 753 1929 σπλήν,
772 1863 871 1935 νέφροι
889 1864 949 1918 δύο.
969 1863 1110 1933 Ἡρόφιλος
1128 1859 1159 1914 δὲ
1176 1860 1203 1913 w*

660 1955 713 2004 τῶν
731 1947 890 2021 ἀνθρώπων
900 1949 1008 2019 ἔντερον
1020 1949 1120 2018 πηχῶν
1131 1943 1204 2000 εἷναί

660 2056 728 2107 φησι
755 2037 787 2102 mi
794 2039 820 2107 ¹),
852 2035 866 2090 δ’
893 2032 947 2093 ἐστι
973 2032 1097 2102 τέσσαρες
1126 2032 1203 2102 ἑβδο-

659 2124 756 2196 μάδες.
778 2125 807 2178 οἷ’
822 2141 848 2178 τε

658 2296 765 2366 εὔριποι
782 2299 809 2352 τὸ
827 2298 951 2349 πλεῖστον
966 2291 1072 2348 ἑπτάκις
1083 2294 1127 2358 τῆς
1139 2289 1204 2360 ἦμέ-

661 2405 709 2454 ρας
729 2383 945 2452 μεταβάλλουσιν.

697 2473 753 2535 106,
763 2472 787 2524 7.
827 2468 842 2532 ἡ
876 2465 968 2537 μέντοι
1003 2464 1081 2520 δεκάς
1116 2465 1204 2518 πάντα

661 2558 784 2627 περαίνει
795 2555 840 2608 τδν
857 2549 985 2622 ἀριθμόν,
1002 2547 1204 2623 ἐμπεριέχουσα

661 2644 753 2694 πᾶσαν
770 2640 855 2710 φύσιν
871 2634 944 2694 έντὸς
963 2637 1048 2702 αὐτῆς,
1068 2633 1159 2706 άρτίου
1177 2654 1205 2690 τε

660 2726 706 2779 καὶ
724 2727 849 2794 περιττοῦ
866 2722 1024 2791 κινουμένου
1043 2722 1129 2778 τεκαὶ
1146 2719 1204 2775 σίκι-

661 2812 736 2876 νήτου
756 2812 866 2879 ἀγαθοῦ
882 2809 973 2864 τεκαὶ
991 2812 1086 2863 κακοῦ·

154 3058 250 3143 Quae
283 3058 390 3140 posui,
424 3077 598 3140 perpauca
632 3062 710 3125 suut
747 3077 766 3124 c
804 3056 931 3138 multis;
968 3056 1030 3123 scd
1067 3074 1204 3136 prorsus

68 3162 239 3228 sufficiunt
260 3160 633 3242 sid-demonstrandum,
668 3180 766 3245 quam
801 3159 924 3227 similia
954 3159 1132 3229 sintinter
1155 3178 1204 3241 se,

156 3367 173 3435 ¹)
193 3365 280 3431 Quod
308 3365 427 3419 diversi.
449 3371 520 3418 sunt
546 3366 675 3431 numeri,
702 3367 805 3435 magni
833 3381 894 3418 non
922 3366 1008 3418 duco,
1048 3363 1204 3417 Facillime

67 3453 149 3506 cuim
167 3453 234 3505 ficri
252 3453 357 3518 potuit,
376 3455 410 3505 ut
428 3452 502 3505 falso
522 3453 728 3506 scriberentur
747 3453 796 3507 vel
813 3455 893 3505 recte
914 3450 1020 3516 scripti
1037 3450 1111 3502 falso
1124 3451 1203 3516 lege-

67 3544 174 3593 rentur
203 3539 333 3604 numeri,
370 3554 429 3606 quc
464 3539 540 3591 iacto
570 3538 716 3591 nimirum
747 3542 776 3592 ct
804 3537 1028 3591 hebdomadum
1058 3551 1204 3589 numerus

67 3625 247 3679 mutabatur.

153 3711 173 3779 ²)
191 3710 293 3766 Verba
305 3711 443 3777 proxima
456 3710 601 3763 Anatolii:
619 3711 725 3779 χωρίον
742 3726 769 3761 τε
788 3710 830 3772 ἴση
850 3709 1007 3780 περίμετρος
1018 3712 1072 3762 etc.
1084 3709 1140 3776 (39,
1152 3709 1204 3776 16),

68 3813 144 3864 quae
158 3797 235 3849 dixit
248 3797 377 3849 obscura
386 3795 580 3863 Heibcrgius.
592 3795 693 3849 sanari
705 3811 794 3863 posse
807 3796 959 3862 videntur,
972 3812 1041 3849 cum
1051 3795 1206 3848 Plutarchi

68 3886 132 3936 loco
161 3883 211 3951 (ds
231 3884 268 3935 Is.
289 3886 318 3935 ct
342 3883 392 3936 Os
410 3882 480 3946 42,a
502 3898 552 3949 pg.
571 3883 639 3949 73,9
662 3882 801 3951 Parthcy)
830 3885 1000 3951 comparato
1028 3881 1204 3935 scribimus:

67 3969 178 4037 χωρίοις
204 3985 231 4020 τε
258 3968 301 4031 ἴση
325 3969 484 4038 περίμετρος
501 3962 641 4022 ἐπιπέδων
659 3955 732 4037 ’(Ρεο
751 3966 913 4038 ἑβδομάδων
936 3968 1019 4036 quod
1035 3967 1134 4036 inane)
1160 3965 1205 4018 εὖ·

68 4055 185 4122 ρίσκετω
287 4055 386 4118 Quare
413 4055 582 4109 adserucrit
609 4056 789 4121 Tanncryus
816 4055 903 4121 (Edit.
927 4055 1068 4121 Hcibcrg.
1091 4069 1141 4123 pg.
1163 4055 1204 4118 54,

68 4142 135 4194 adu.
150 4142 175 4209 1)
194 4157 228 4194 ca
247 4140 368 4194 omnino
388 4156 449 4195 non
467 4145 601 4210 spectare
624 4141 663 4194 ad
682 4140 850 4205 denarium,
868 4157 930 4193 nou
942 4140 1040 4205 vid00,
1053 4139 1205 4207 siquidem

70 4228 149 4280 clare
168 4227 241 4280 dicit
260 4229 421 4282 Anatolius
448 4227 562 4296 πλευραί
583 4225 614 4280 δὲ
630 4226 730 4279 τούτων
747 4225 775 4280 δ’
792 4226 839 4278 καὶ
858 4226 884 4284 ς’
903 4267 929 4280 ..
946 4268 951 4281 .
970 4226 1001 4278 τά
1020 4223 1051 4278 δὲ
1069 4225 1095 4277 δ’
1113 4224 1160 4277 καί
1179 4221 1205 4283 ς’

69 4320 139 4366 ποιεῖ
157 4314 202 4365 τδν
220 4312 249 4366 ι’.
