2916 5004
165 549 316 601 Martiani.
940 548 1081 602 Anatolii.

56 651 131 705 item
150 656 265 721 septem
283 651 418 716 corporis
867 648 995 719 ὁλόκληρα
1034 647 1103 720 μέρη
1148 651 1194 701 τοῦ

56 741 158 805 partes
181 737 332 790 hominem
351 753 417 804 per·
436 808 439 812 Δ
833 736 952 804 σώματος
961 738 993 801 ζ’,
1007 735 1119 805 κεφαλή,
1130 734 1194 804 zpri-

55 823 176 878 ficiunt:
214 828 302 890 capnt
330 826 418 877 tenus
833 823 918 891 χηλος,
938 820 1042 893 στέρνα,
1062 823 1142 876 πόδες
1157 821 1192 895 θ’,

54 908 154 963 imum
181 909 326 975 collum¹t‚
349 925 415 976 pee-
835 917 922 979 χεῑρες
939 910 974 978 μ’.

54 999 115 1060 tue,
134 999 247 1061 venter,
267 997 345 1049 duae
357 1011 417 1049 ma·

10 1112 15 1121 ·
54 1097 116 1135 nus
134 1082 298 1150 pedesque.

10 1302 14 1313 ,
146 1238 284 1305 Maioris
308 1245 359 1304 est
374 1239 541 1319 momenti,
565 1239 654 1319 quod
670 1239 769 1304 1111111
787 1240 896 1305 Varro
913 1237 1076 1322 (Censor.)
1093 1237 1193 1304 affert

54 1340 192 1407 Solonis
214 1341 295 1406 illud
321 1341 361 1407 de
386 1342 508 1407 aetatis
531 1341 692 1425 gradibus
716 1361 861 1422 carmen,
896 1342 983 1423 quod
1006 1342 1093 1407 idem
1117 1360 1193 1422 prc-

52 1450 159 1510 vocat
145 1444 234 1509 tad
270 1445 509 1527 Hippocratem
540 1444 732 1527 (01111112),
757 1447 899 1525 Favona
925 1447 1064 1510 Marte
1067 1444 1190 1510 t.Gell

56 1547 278 1628 Hippocratis
311 1567 430 1614 nomen
465 1548 630 1626 omittunt,
664 1568 734 1613 rem
759 1554 794 1614 at
795 1547 953 1632 tingunt,)
988 1547 1075 1629 quod
1104 1547 1192 1612 idem

53 1657 298 1717 commemorat
319 1655 439 1731 partus
464 1670 590 1735 genera
613 1651 678 1715 dno
701 1650 852 1731 (Censor.
870 1650 980 1732 Geli),
1005 1652 1082 1731 alia,
1107 1669 1193 1731 quae

53 1754 177 1824 eodem
200 1754 296 1820 modo
319 1753 509 1819 referuntur
533 1754 574 1818 ab
593 1754 752 1818 Anatolio
775 1756 827 1818 vel
853 1755 984 1820 ceteris.
1025 1753 1089 1819 Sed
1107 1773 1194 1835 quae

53 1858 93 1922 in
118 1857 342 1923 testimonium
366 1858 498 1937 rocavi,
527 1876 591 1922 non
615 1857 721 1922 solum
747 1858 831 1922 satis
855 1857 953 1923 immo
977 1857 1073 1922 nimis
1089 1859 1196 1922 multa

54 1967 142 2028 sunt
157 1961 198 2026 ad
216 1961 370 2030 demons
371 1961 523 2041 randum
547 1961 633 2042 quod
651 1962 752 2041 volui
773 1960 876 2025 id
823 1966 908 2027 os
911 1966 991 2025 iam
1009 1962 1193 2026 Varronem

54 2063 216 2130 hausisse
240 2084 282 2129 ex
306 2064 420 2130 eodem
443 2065 500 2130 illo
524 2064 614 2130 tonte
618 2064 702 2145 ,ad
734 2084 832 2145 quem
855 2065 919 2130 iam
946 2065 1113 2130 duxerunt
1099 2070 1195 2129 tnos

54 2166 120 2248 illi,
144 2167 185 2233 de
208 2168 329 2248 quibus
353 2168 481 2252 egimus
498 2186 611 2249 supra,
638 2167 779 2248 ideoque
796 2169 895 2251 plura
910 2167 1061 2233 conterre
1078 2185 1195 2248 super

57 2288 249 2335 vacaneum
274 2275 333 2336 est
370 2271 599 2356 Varronetrgit
601 2291 641 2338 ur
657 2271 788 2337 medio
780 2271 1009 2337 intercedente
1027 2290 1044 2335 e
1061 2271 1195 2337 Graeco

10 2424 14 2433 .
56 2372 118 2439 illo
152 2373 245 2439 fonte
273 2364 441 2439 fluxerunt
427 2374 575 2452 tetiam,
611 2393 698 2455 quae
725 2375 765 2440 de
789 2375 840 2440 his
864 2374 963 2440 rebus
987 2374 1196 2440 tradiderunt

15 2479 109 2547 1111
133 2480 1017 2584 1111111111111111111,11111111111111111111111111111111
1037 2481 1194 2546 Useneri:

19 2585 193 2687 ,1,,111111
226 2585 353 2651 kornntt
386 2583 449 2648 mir
481 2603 543 2648 ror
576 2584 638 2648 wic
674 2584 725 2649 ein
750 2585 925 2659 Kralmen
961 2585 1021 2648 der
1044 2604 1106 2650 aus
1130 2584 1194 2649 den

10 2658 195 2782 Jreichen
234 2685 526 2770 Sohilisladungen
565 2686 625 2751 der
662 2687 989 2754 Alexandrinisohen
1028 2689 1101 2753 Zeit
1142 2689 1195 2754 die

32 2790 189 2856 Waren
214 2790 347 2863 auidis
372 2791 497 2856 Fracht
483 2796 616 2874 twegen
641 2790 700 2855 der
723 2790 899 2856 Nachwelt
924 2792 1013 2856 habt
1017 2792 1036 2821 ‘⁶

372 3010 479 3092 Vll.
513 3009 585 3090 De
612 3009 894 3091 Posidonio„

10 3210 33 3265 ,1
148 3187 348 3266 Auctorem,
372 3185 412 3252 de
437 3186 556 3267 quibus
580 3186 719 3270 egimus,
744 3191 859 3251 aetate
877 3185 1128 3252 vetustissimus
1146 3191 1197 3252 est

12 3282 23 3330 ³
57 3293 186 3358 Varro.
219 3290 382 3355 Varronis
404 3289 507 3374 igitur
531 3289 1197 3370 1111111111.11111111111111111111111-

10 3386 17 3412 ‘
56 3395 186 3462 endum
220 3399 272 3460 est
304 3392 408 3458 fuisse
444 3413 529 3472 11111,
565 3412 586 3458 1
620 3413 685 3474 quo
719 3392 890 3474 tamquam
917 3393 1196 3459 1111111111111111

54 3497 255 3584 petiverunt
277 3515 332 3561 res
355 3501 388 3560 et
404 3502 604 3579 argumenta
620 3515 746 3576 omneS,
772 3515 854 3578 quos
868 3495 904 3560 in
921 3511 1023 3562 unum
1041 3495 1196 3562 eundem·

12 3640 17 3647 ·
56 3620 128 3684 quc
152 3605 323 3666 auctorem
347 3598 486 3685 digitum
509 3600 683 3666 intendere
708 3599 861 3666 vidimus.
900 3599 966 3681 Qui
990 3599 1064 3666 lons
1088 3599 1197 3680 qualis

53 3703 164 3774 fuerit
203 3703 315 3783 aliquo
354 3702 450 3768 modo
488 3721 612 3782 omnes,
656 3704 728 3768 luce
767 3709 878 3769 autem
916 3703 1040 3768 clarius
1078 3703 1199 3770 docent

53 3807 257 3878 Macrobius
281 3812 314 3872 et
338 3805 540 3872 Chalcidius.
587 3806 672 3873 Cum
696 3807 781 3872 enim
806 3808 988 3888 pleraeque
1011 3827 1076 3887 res,
1111 3826 1197 3888 quae

55 3912 287 3994 explicantur,
322 3929 339 3975 e
363 3911 499 3975 Timaeo
522 3911 698 3976 Platonico
732 3911 894 3994 originem
918 3912 1058 3976 trallunt
1080 3912 1135 3976 vel
1159 3929 1198 3975 eo

55 4051 271 4064 .-———---

28 3094 34 3142 1

60 4108 68 4120 ”
153 4116 172 4184 ¹)
190 4114 357 4168 Lenissima
376 4119 420 4167 est
439 4114 649 4181 discrepantia.

151 4201 174 4271 ²)
193 4201 352 4255 Artissima
379 4207 423 4254 est
450 4201 482 4253 in
509 4205 637 4268 utraque
664 4216 697 4254 re
716 4202 916 4266 necessitudo,
943 4218 1020 4268 quae
1039 4202 1199 4254 intercedit

58 4292 146 4346 inter
164 4288 362 4342 Censorinum
382 4293 411 4341 et
428 4289 601 4342 Anatolium
622 4289 670 4341 vel
688 4287 855 4341 Philonem.
