2916 5004
518 441 734 500 -65—

284 620 375 675 Sexti.
855 621 994 675 Anatolii.

53 722 218 778 διπλασίονι.
254 725 403 790 (Explicat
422 725 531 778 Sextus
551 725 600 777 de·

51 810 139 874 indo,
167 811 241 877 quid
269 812 307 864 sit
333 808 462 878 ἐπίτριτος
483 814 546 873 etc,
574 812 603 862 et

50 895 175 963 pergit.)
212 895 280 947 ἄλλα
309 896 364 965 γῶρ
394 897 492 949 τούτων
522 892 603 950 οὕτως

49 976 178 1049 ἑχόντων
195 980 241 1032 καὶ
259 981 325 1034 autri
338 982 384 1046 τήν
398 981 523 1050 ἀρχῆθεν
536 980 602 1035 6716-

52 1073 137 1118 ἔτεσιν
147 1066 284 1136 τεσσάρων
297 1066 381 1120 ὄντων
399 1063 536 1138 αριίίμῶν,
556 1069 601 1120 τοῦ
689 1069 773 1122 ὄντων
791 1067 822 1122 δέ
841 1066 970 1136 ιίριίίμῶν
993 1066 1125 1135 τεττάρων
1143 1071 1195 1119 τῶν

50 1169 83 1206 τε
111 1150 171 1207 dade
197 1152 242 1205 καὶ
270 1152 319 1206 δύο
340 1152 385 1205 καὶ
403 1154 462 1221 τρία
479 1152 526 1204 καὶ
544 1151 602 1207 τέσ-
655 1154 769 1224 πρῶτων
787 1154 814 1206 α’
833 1155 860 1223 ,ι’
879 1153 906 1221 γ’
926 1153 961 1217 d',
980 1151 1010 1206 έν
1028 1153 1124 1209 τούτοις

50 1256 138 1306 σαρα,
165 1239 198 1295 έν
223 1234 263 1296 οἷς
285 1237 415 1308 ἐλέγομεν
432 1238 477 1289 καὶ
495 1239 543 1302 τήν
559 1242 602 1305 τῆς
1056 1238 1101 1290 καὶ
1120 1238 1134 1303 ἡ
1154 1243 1196 1294 τίς

24 1347 27 1351 ’
52 1327 150 1394 ψυχῆς
168 1323 247 1379 ἰδέαν
265 1323 442 1395 περιέχεσθαι
468 1327 534 1379 usas?
556 1329 602 1380 uir
654 1329 744 1395 ψυχῆς
763 1321 824 1377 ἰδέα
843 1321 995 1395 περιέχεται
1012 1324 1079 1377 κατα
1097 1320 1196 1380 αἰνέτ-

50 1404 220 1480 ἐναρμόνιον
246 1413 333 1480 λόγον,
361 1411 375 1463 6
404 1410 457 1481 μὲν
486 1410 601 1483 τέσσαρα
654 1412 785 1482 αρμόνιον
803 1410 890 1477 λόγον,
909 1409 922 1460 6
941 1407 995 1478 μὲν
1008 1410 1033 1460 d‘
1048 1413 1093 1463 τοῦ
1104 1410 1131 1479 β’
1150 1410 1195 1462 καὶ

51 1497 102 1548 τοῦ
122 1496 170 1550 virio
187 1498 234 1550 καὶ
253 1498 266 1550 6
285 1498 333 1551 δύο
352 1501 394 1564 τῆς
410 1499 528 1567 μονάδος
545 1496 601 1555 ἐστὶ
654 1498 711 1568 dss‘
730 1499 775 1550 τοῦ
793 1496 821 1547 α’
842 1495 983 1555 διπλάσιος.
1011 1490 1042 1549 έν
1069 1488 1091 1568 ᾤ
1112 1503 1196 1549 κεῖται

55 1581 216 1646 διπλασίων,
238 1579 269 1638 ἒν
287 1577 309 1655 ᾧ
326 1584 408 1638 ἔκειτο
420 1583 435 1648 ἦ
449 1585 493 1637 δαὶ
506 1589 602 1638 πασῶν
653 1585 666 1648 ἡ
695 1583 739 1636 δαὶ
767 1583 862 1635 πασῶν
889 1584 1046 1650 συμφωνία,
1075 1581 1088 1634 6
1116 1579 1146 1634 δὲ
1165 1579 1195 1648 γ’

54 1670 216 1736 συμφωνία,
235 1669 249 1721 6
268 1669 299 1724 δέ
316 1671 376 1739 τρία
394 1673 440 1724 τοῦ
459 1671 507 1723 duo
524 1671 600 1741 ἡμιὸ-
653 1672 697 1723 τοῦ
714 1672 740 1738 β’
760 1669 876 1738 ἡμιόλιος
894 1665 1030 1735 περιέχων
1051 1664 1132 1719 αὐτὸν
1149 1664 1195 1718 καὶ

56 1757 111 1810 aas
137 1755 191 1820 (καὶ
219 1757 273 1825 γαρ
296 1752 378 1809 αιῗτόν
395 1757 440 1808 τόν
458 1757 506 1809 δύο
525 1774 601 1826 περι·
653 1758 680 1810 τό
699 1754 778 1825 ἥμισυ
795 1753 839 1818 τήν
857 1753 902 1806 dut
926 1751 1005 1806 πέντε
1031 1752 1195 1823 συμφωνίαν

56 1837 156 1910 ἔσχηκε
181 1840 227 1892 καὶ
256 1843 283 1894 τὸ
309 1840 389 1911 ἥμισυ
417 1843 514 1909 τούτου,
534 1841 601 1896 ὅθεν
654 1841 803 1912 ὑποβάλλει.
823 1839 837 1891 6
856 1838 887 1892 δὲ
905 1838 930 1891 d‘
949 1841 994 1892 τοῦ
1012 1839 1040 1907 γ’
1058 1837 1194 1908 ἐπίτριτος,

55 1926 104 1980 καὶ
122 1926 168 1990 τήν
185 1926 230 1978 dul
249 1925 327 1981 πέντε
349 1929 514 1998 συμφωνίαν
534 1926 601 1982 ὗπέ-
652 1927 684 1983 έν
702 1921 726 2000 ᾦ
744 1927 758 1991 ἦ
778 1925 822 1979 δαὶ
842 1924 868 1978 6'
887 1926 1044 1995 συμφωνία.

55 2014 171 2085 βαλλεν),
190 2005 204 2064 6
223 2012 253 2066 δέ
270 2011 386 2084 τέσσαρα
404 2017 449 2067 τοῦ
467 2016 526 2082 τρία
540 2013 600 2069 lnt-

56 2118 146 2170 vpttcs,
185 2096 305 2152 ὑπέκειτο
333 2098 363 2153 dl
386 2099 431 2151 καὶ
460 2095 492 2154 ἐν
520 2102 600 2172 τούτῳ

10 2174 21 2255 7
57 2185 72 2250 ἦ
93 2185 138 2239 dut
155 2185 291 2254 τεσσάρων
308 2187 464 2255 συμφωνία.

10 2264 24 2289 Sl

17 2370 25 2463 4
145 2377 265 2458 ltaque
282 2378 369 2459 quod
388 2378 619 2444 ratiocinando
632 2378 813 2458 effecimus
830 2384 906 2444 ante
919 2379 1033 2444 oculos
1046 2378 1189 2458 positum

10 2518 26 2551 ,ι
55 2487 124 2561 est3
161 2500 247 2562 nam,
282 2489 319 2547 ut
349 2482 470 2548 iterum
505 2481 564 2546 tibi
595 2482 757 2564 explicem
781 2481 1079 2565 argumentationis
1102 2481 1189 2546 viam
1224 2475 1225 2480 ’

10 2585 193 2664 οόΙοτὶοο,
228 2584 351 2650 Sextus
385 2585 459 2651 adv.
489 2585 583 2667 phys.
612 2586 658 2664 Π,
675 2591 737 2651 263
751 2603 821 2665 sqq.
859 2585 1031 2665 utriusque
1066 2585 1191 2667 Pytha·

10 2690 20 2781 ἦ
54 2689 192 2773 goricae
216 2689 368 2770 exposita
388 2688 522 2753 scholae
539 2688 735 2754 diversitate
753 2688 906 2771 adiungit
921 2685 1010 2770 (284)
1026 2687 1193 2753 de'altera

10 2796 13 2799 ’
53 2793 75 2858 i.
95 2811 123 2858 e.
148 2791 255 2858 stoica
277 2792 407 2857 ratione
432 2810 467 2856 sc
492 2810 567 2857 esse
583 2791 749 2857 dicturum
772 2789 1036 2874 ,ἀκριβέστερον
1059 2790 1125 2855 κάν
1148 2798 1191 2876 τῇ

52 2896 137 2978 περὶ
159 2897 337 2978 κριτηρίου
362 2895 483 2976 σκέψει
505 2893 571 2959 πᾶν
591 2900 665 2975 τοῖς
681 2896 760 2977 περὶ
776 2896 922 2979 ψοχῆς“,
947 2881 1087 2975 quorum
1104 2896 1191 2961 loco·
1231 2973 1232 2977 ,

51 3018 130 3066 rum
165 2999 252 3064 alter
286 2995 380 3081 (περὶ
413 2996 515 3082 apic.)
551 3004 646 3064 extat
679 2997 755 3064 adv.
781 3000 844 3081 log.
868 2999 896 3078 Ι,
909 3003 950 3063 92
966 3017 1036 3078 sqq.
1082 2998 1212 3080 Quam·

50 3107 161 3168 totam
197 3101 237 3166 de
260 3102 487 3185 Pythagorico
520 3101 654 3167 criterio
679 3100 937 3182 disputationem
962 3101 1190 3182 depromptam

50 3223 133 3271 csse
167 3224 185 3270 e
217 3204 388 3270 Posidonii
422 3205 455 3269 in
490 3205 662 3270 Timaeum
698 3205 947 3284 commentario,
985 3204 1190 3286 eundemque

48 3308 229 3378 Posidonii
252 3308 369 3373 librum
395 3309 498 3374 fuisse
524 3309 674 3373 Anatolii
698 3315 951 3388 ceterorumque
980 3307 1020 3372 de
1045 3307 1191 3373 numeris

49 3412 182 3479 sontem
206 3411 451 3477 demonstravit
474 3397 704 3478 Sohmckelius
728 3411 862 3476 etmihi
887 3410 985 3475 valde
1020 3411 1190 3490 probatur.

47 3515 233 3581 Invenitur
261 3519 373 3580 autem
400 3515 517 3580 iisdem
542 3515 581 3578 de
605 3515 706 3581 rebus
729 3515 847 3581 tertius
872 3515 959 3581 alius
982 3513 1073 3580 Sexti
1098 3513 1191 3579 loeus

47 3617 146 3698 (adv.
171 3619 300 3684 arithm.
327 3616 459 3699 Ἡρα),
494 3637 602 3697 quern,
627 3637 701 3683 cum
725 3637 853 3684 summa
876 3615 1092 3683 similitudine
1116 3636 1189 3682 cum

47 3722 122 3790 illis
157 3722 286 3787 duobus
321 3740 424 3802 supra
458 3720 613 3786 indicatis
648 3722 839 3801 cohaereat,
874 3719 980 3785 eidem
1010 3719 1190 3785 Posidonio

48 3830 148 3893 recte
172 3824 356 3890 vindicavit
379 3824 618 3890 Schmekclius
653 3825 777 3889 Verum
803 3828 914 3888 autem
937 3841 1019 3887 vero
1035 3823 1124 3888 hunc
1147 3823 1189 3888 ad

49 3928 195 3994 verbum
219 3928 289 3994 fore
313 3947 498 4011 congruere
522 3947 596 3993 cum
621 3927 782 3992 Anatolio
807 3925 903 3991 modo
927 3925 985 3991 tibi
1010 3925 1051 3990 ad
1076 3927 1190 3992 oculos

40 4031 295 4098 demonstravi.
349 4033 469 4112 ltaque
504 4030 802 4114 argumentationis
838 4030 986 4094 membra
1020 4033 1189 4109 tamquam

10 4199 13 4211 ,
52 4134 148 4202 anuli
172 4142 312 4200 catenae
336 4134 423 4199 inter
446 4154 481 4199 se
506 4142 585 4199 suut
608 4152 697 4198 nexa
720 4140 819 4214 atque
843 4140 934 4213 apta,
968 4131 1016 4196 ita
1038 4140 1075 4196 ut
1100 4132 1189 4197 nulla

10 4226 16 4324 J.
52 4238 268 4319 relinquatur
292 4237 463 4302 dubitatio.
501 4237 544 4300 ut
566 4242 679 4301 tamen
697 4240 967 4318 argumentorum
984 4234 1190 4301 abundantia

53 4340 202 4408 nondum
241 4347 292 4407 est
330 4343 536 4421 consumpta.
583 4338 711 4420 Aperte
749 4339 837 4404 enim
873 4338 918 4417 id,
956 4336 1045 4418 quod
1079 4338 1190 4404 adhuc

1050 4456 1066 4490 0
