2916 5004
522 408 715 470 ,9.-

50 599 188 678 gruunt,
212 594 260 660 ita
283 595 375 660 utin
399 598 542 676 utroque
560 595 690 662 Solonis
714 613 849 660 carmen
863 592 896 675 ¹),
920 598 956 658 ut
972 593 1188 675 Hippocratis

44 698 158 763 rerba
191 698 346 778 uitentur,
379 702 417 763 ut
449 702 521 764 tota
555 698 729 763 enuntiata
764 715 805 762 ex
840 698 946 762 altero
980 697 1014 761 in
1045 697 1188 762 alterum

50 800 259 882 transposita
282 798 506 885 videantur2),
534 801 587 866 hic
614 820 738 883 ponere
762 799 975 881 supersedeo,
1020 800 1107 866 Nam
1130 800 1190 866 illa

52 904 80 969 si
115 905 169 969 vel
202 922 322 985 parum
357 903 534 988 diligenter
567 904 759 985 contuleris,
787 903 866 968 mihi
890 902 1052 969 concedes
1076 903 1187 968 simili·

50 1007 200 1074 tudinem
224 1008 372 1074 locorum
395 1010 525 1073 tantam
550 1026 636 1087 esse,
660 1011 697 1073 ut
720 1025 801 1073 casu
825 1007 894 1072 lieri
920 1010 1074 1087 nequeat.

139 1111 248 1193 Quam
271 1111 374 1195 igitur
396 1112 560 1176 rationem
577 1113 716 1178 subesse
733 1111 901 1177 dicemus?
934 1111 991 1175 An
1006 1110 1189 1175 Anatolius

51 1232 116 1279 sua
150 1214 331 1280 ePhiloue
366 1215 554 1296 excerpsit?
598 1215 712 1281 Primo
747 1214 863 1280 obtutu
889 1215 974 1280 hacc
996 1213 1190 1279 coniectura

52 1317 196 1382 maxime
232 1317 369 1397 arridet,
403 1317 603 1398 praesertim
637 1336 712 1384 cum
749 1316 908 1382 Anatolio
934 1317 1054 1383 Iudaei
1087 1317 1189 1382 libros

52 1421 240 1486 innotuisse
275 1440 293 1486 e
327 1421 399 1486 loco
424 1420 617 1487 Eusebiano
650 1421 801 1507 intellegi
831 1418 984 1502 possiti),
1019 1419 1077 1486 sed
1102 1419 1189 1486 falsa

53 1528 116 1589 est.
158 1523 245 1589 Nam
268 1530 505 1604 praeterquam
529 1523 615 1606 quod
639 1524 819 1589 Anatolius
844 1522 884 1588 de
908 1523 1059 1589 omnibus
1083 1543 1189 1604 usque

54 1625 96 1691 ad
136 1625 250 1691 decem
289 1626 435 1692 numeris
471 1625 615 1705 disserit,
654 1646 794 1707 quorum
832 1626 872 1691 de
909 1626 1060 1708 pluribus
1100 1626 1189 1707 apud

53 1729 228 1795 Philonem
253 1729 307 1794 vel
322 1747 432 1810 pauca
449 1730 503 1794 vel
518 1747 658 1810 prorsus
675 1729 758 1794 nihil
772 1728 972 1810 invenimus,
997 1730 1189 1796 accuratius

55 1833 150 1898 nobis
173 1831 424 1914 inspicientibus
448 1832 550 1898 etiam
575 1833 652 1912 alia,
687 1852 729 1898 ne
751 1832 800 1898 ita
822 1831 1016 1912 iudicemus
1044 1833 1189 1899 obstant.

54 1936 217 2002 Videmus
242 1935 330 2001 enim
353 1935 561 2016 Anatolium,
586 1955 787 2017 quamquam
810 1935 845 2000 in
869 1935 1062 2002 universum
1085 1937 1189 2002 multo

55 2039 191 2104 brevius
225 2057 280 2106 res
315 2040 492 2120 expressit,
526 2040 705 2105 nonnullas
741 2039 862 2118 omisit,
896 2044 1010 2104 tamen
1043 2040 1190 2120 quinque

55 2143 138 2209 locis
161 2144 259 2225 plura
283 2142 365 2208 dare
389 2161 489 2224 quam
512 2142 696 2208 Philonem.
742 2143 785 2207 111
815 2143 1037 2209 concedamus
1061 2146 1190 2210 Anato-

55 2247 136 2312 lium
170 2245 277 2327 ipsum
314 2245 494 2325 addidisse,
529 2246 617 2327 quod
653 2246 837 2311 aPhilone
865 2245 1023 2312 omissum
1047 2247 1127 2312 dicit
1149 2247 1190 2312 de

54 2349 202 2433 vulgatis
225 2349 292 2415 illis
316 2353 442 2431 septem
467 2350 567 2414 lunae
583 2348 709 2429 formis,
733 2368 936 2430 quamquam
953 2350 1015 2415 hoc
1031 2369 1190 2417 concesso

55 2455 175 2518 saltem
209 2452 328 2518 mirum
362 2456 423 2533 est,
459 2452 545 2534 quod
581 2457 614 2518 et
649 2453 705 2518 alii
735 2453 927 2533 scriptores,
952 2454 1018 2534 qui,
1042 2460 1078 2519 ut
1101 2453 1191 2520 infra

143 2691 164 2760 ¹)
182 2693 247 2744 Hoc
266 2691 384 2745 Solonis
405 2706 526 2744 carmen
545 2691 728 2745 Clementem
746 2691 991 2744 Alexandrinum
1009 2691 1125 2759 (Strom.
1139 2693 1190 2759 VI,

58 2778 171 2844 11144)
200 2777 369 2831 ePhilonis
398 2792 488 2844 opere
515 2777 757 2843 transscripsisse
785 2777 912 2830 coniecit
939 2778 1072 2831 Oohnius
1095 2780 1190 2846 (Philo

57 2865 94 2916 de
113 2879 160 2931 cp.
173 2879 210 2915 m.
223 2878 272 2930 pg.
286 2863 410 2929 XXHIl,
430 2862 483 2915 sed
499 2877 608 2929 parum
621 2863 784 2929 diligenter
819 2865 896 2916 Nam
908 2863 1040 2930 primum
1054 2864 1190 2918 Clemens

56 2967 118 3003 non
137 2951 234 3002 solum
252 2950 332 3014 haee,
360 2949 414 3002 sod
440 2950 534 3001 multo
561 2950 651 3015 plura
669 2949 707 3002 de
724 2949 911 3003 hebdomade
930 2949 1061 3016 exhibet,
1081 2951 1191 3005 deinde

58 3039 147 3089 etiam
174 3040 288 3102 septem
315 3036 404 3088 lunae
431 3036 542 3088 formas
568 3038 596 3088 11
614 3036 784 3101 Terpandri
801 3051 918 3101 verene,
937 3052 1012 3103 quae
1031 3053 1048 3089 a
1066 3038 1190 3091 Philone

58 3124 167 3174 omissa
186 3121 267 3188 apud
286 3122 460 3175 Anatolium
477 3122 629 3189 leguntur,
648 3121 748 3186 habet,
771 3122 902 3190 denique
919 3123 985 3189 ipse
1004 3123 1091 3176 nobis
1111 3124 1191 3189 dicit,

57 3207 107 3260 oui
134 3207 241 3260 debeat
267 3208 349 3260 1111111
377 3208 414 3261 (11
436 3208 606 3274 septenario
626 3207 867 3274 disputationem,
885 3209 1050 3277 Hermippo
1069 3210 1190 3276 Berytio

57 3294 106 3359 (ol.
120 3293 301 3358 Wendland,
320 3292 398 3347 Berl.
411 3293 485 3361 phil.
498 3293 714 3347 Wochensrhr.
737 3294 810 3358 1890,
830 3294 879 3360 Sp.
892 3294 963 3359 238).
999 3294 1075 3348 Oum
1092 3299 1191 3350 autem

58 3381 96 3434 ad
113 3383 251 3433 nostrum
269 3380 441 3433 institutum
457 3380 541 3433 utilis
561 3380 687 3445 nonsit,
715 3380 781 3433 eius
808 3381 869 3434 nisi
891 3381 1085 3446 comparandi
1104 3399 1192 3437 eausa

58 3467 204 3520 rationem
222 3481 284 3518 non
302 3465 488 3519 habebimus.
525 3465 571 3518 De
588 3466 705 3518 Joanne
723 3466 817 3532 Lydo,
845 3481 862 3518 a
886 3481 945 3533 quo
965 3466 1094 3520 eundem
1113 3485 1191 3522 com·

58 3554 187 3620 pilatum
205 3567 270 3606 esse
288 3551 447 3626 Philonem
466 3551 619 3605 contendit
638 3551 780 3616 Oohnius,
806 3551 956 3605 iudicium
984 3552 1117 3618 cohibeo,
1136 3555 1193 3607 etsi

59 3656 96 3692 ex
109 3656 152 3703 ec,
171 3639 253 3706 quod
265 3638 322 3691 alia
335 3637 451 3701 omittit,
469 3636 526 3689 alia
539 3637 589 3690 dat
602 3637 727 3713 Philone
739 3638 835 3704 plura,
855 3637 957 3705 colligi
970 3653 1059 3704 posse
1072 3640 1193 3693 videtur

58 3741 119 3777 non
137 3740 275 3791 premere
294 3740 363 3777 oum
381 3723 486 3776 Iudaei
504 3723 638 3792 vestigia.
667 3723 771 3778 Sedis
790 3727 835 3777 est
852 3724 965 3790 Lydus,
984 3725 1037 3791 qui
1056 3725 1192 3794 undique

59 3827 112 3863 sua
139 3811 307 3875 corraserit,
334 3810 375 3863 ita
401 3817 435 3862 ut
462 3810 547 3863 stulti
573 3814 653 3863 esset
679 3811 716 3863 de
744 3810 878 3863 fontibus
897 3809 962 3863 eius
984 3811 1099 3878 aliquid
1118 3813 1193 3865 certi

60 3898 169 3950 dicere.
196 3896 308 3963 Itaque,
327 3911 509 3964 quamquam
528 3895 565 3948 de
584 3897 652 3953 aliis
670 3911 789 3964 quoque
808 3897 944 3950 numeris
963 3896 1104 3963 disputat,
1124 3913 1192 3950 eum

60 3998 185 4049 prorsus
203 3983 364 4050 neglegere
381 3981 484 4035 malui.

145 4068 168 4136 ²)
188 4069 284 4132 Quem
302 4067 339 4121 ob
359 4083 424 4121 rem
440 4068 581 4121 facillime
599 4068 788 4122 restituimus
805 4067 940 4121 Anatolii
957 4069 1058 4120 locum
1079 4067 1108 4119 ri
1127 4066 1193 4138 δίχα

59 4153 364 4222 το(111.)(36,8),
392 4167 462 4206 cum
488 4169 516 4204 το
542 4153 641 4207 (111111
666 4154 824 4207 Philonem
850 4154 947 4207 secuti
974 4153 1138 4208 scribimus
1165 4157 1193 4206 τὸ

61 4241 128 4308 δίχα
147 4241 190 4292 τοῦ
209 4237 370 4307 ἡγεμονικοῦ
385 4234 468 4309 μέρος
489 4257 511 4292 κ.
524 4257 544 4292 τ.
558 4240 580 4292 l.

145 4326 166 4393 ³)
185 4326 252 4378 hist.
271 4326 343 4377 eccl.
362 4324 530 4390 11113111
