2916 5004
728 394 943 457 —..10-.-

267 580 463 662 videbimus,
498 581 538 646 de
573 580 690 646 eadem
724 601 761 647 re
779 585 925 664 ‘egerunt
948 579 995 644 illi
1021 578 1153 660 quidem
1176 598 1217 644 ex
1240 579 1404 646 Anatolio

268 686 463 767 neutiquam
495 684 693 766 pendentes,
727 689 857 750 tantum
892 703 957 750 non
982 700 1095 748 omnes
1117 681 1204 748 idem
1227 683 1405 765 praebent.

268 787 334 855 Sed
358 789 425 854 alia
449 792 528 855 sunt
551 788 719 873 graviora.
758 790 820 873 Pg.
838 793 924 867 36,4
946 787 1087 872 legimns
1111 786 1280 852 Heracliti
1304 805 1404 867 quan·

267 892 344 958 dam
367 892 579 973 sententiam,
603 911 703 973 quarn
726 911 787 958 nec
809 892 844 956 in
860 890 1012 957 Philonis
1036 891 1152 955 necin
1176 890 1280 956 ullius
1297 889 1406 956 adhuc

267 996 335 1061 noti
370 996 543 1076 scriptoris
574 995 708 1077 scriptis
733 995 927 1076 reperimus.
975 995 1027 1059 An
1054 993 1233 1058 Anatolins
1257 993 1339 1074 ipse
1364 993 1405 1058 ιιι-

268 1099 407 1184 dagavit
430 1118 503 1165 eam
528 1104 561 1163 θι
585 1098 732 1164 addidit?
776 1100 852 1164 Non
887 1098 984 1163 facile
1005 1097 1080 1162 'hoc
1108 1096 1308 1176 affirmabis,
1334 1116 1404 1163 cun

268 1202 534 1271 consideraveris
558 1203 656 1268 hacc:
681 1203 874 1283 neutiquam
893 1202 986 1266 Anat
988 1200 1055 1280 olii,
1079 1200 1201 1281 quippe
1223 1200 1281 1280 qui
1307 1199 1406 1266 fuerit

268 1306 382 1370 christ
358 1310 481 1384 ιιιιιιιι,
515 1304 730 1385 interfuit,u
709 1313 867 1387 utquam
893 1305 1035 1371 maxime
1060 1303 1296 1384 comprobaret
1322 1305 1406 1370 anti·

269 1428 406 1489 quorum
431 1409 471 1473 de
495 1409 643 1474 numeris
668 1409 895 1494 ariolationeS,
918 1407 1009 1475 sed
1000 1427 1034 1472 1n
1054 1411 1175 1488 propat
1161 1407 1305 1472 ιιιιοι
1248 1412 1305 1473 est
1323 1427 1408 1487 eum

268 1511 394 1576 utiam
417 1510 495 1590 dixi,
529 1511 611 1575 nihil
636 1512 726 1577 alind
751 1485 861 1595 egisse
885 1511 949 1577 nisi
975 1515 1011 1577 nt
1034 1510 1214 1591 discipulos
1238 1510 1280 1574 de
1306 1513 1409 1578 rebus

269 1613 311 1678 ad
345 1612 539 1694 perfectam
575 1632 672 1694 quam
707 1621 788 1680 tunc
822 1614 1068 1693 existimabant,
1104 1612 1331 1680 eruditionem
1359 1635 1409 1682 ne·

268 1716 424 1782 cessariis
459 1716 614 1782 edoceret
601 1715 656 1799 t¹.)
713 1717 844 1782 Dixerit
883 1716 1028 1783 fortasse
1063 1716 1183 1799 aliquis
1216 1716 1409 1797 profectum

269 1839 344 1887 esse
377 1821 441 1885 hoc
474 1819 696 1904 fragmentum
731 1841 748 1886 e
784 1821 1001 1902 corruptoris
1012 1820 1185 1886 cuiusdam
1208 1822 1410 1900 posterioris

269 1924 413 2004 officina,
436 1924 525 2006 quod
550 1925 730 1992 Anatolius
754 1924 913 2009 deceptus
936 1924 1134 2004 infersisset,
1165 1929 1201 1989 ut
1224 1933 1411 1992 exornaret

269 2029 331 2093 hoc
355 2027 478 2093 lumine
502 2027 695 2094 orationem.
736 2027 801 2096 Sed
826 2047 900 2093 cum
924 2027 1046 2106 omnia,
1069 2045 1155 2108 quae
1179 2026 1211 2091 in
1236 2027 1410 2095 Heracliti

268 2130 464 2214 fragmentis
497 2131 702 2212 interpolata
736 2149 811 2197 esse
844 2131 930 2197 effici
964 2136 1084 2212 potest,
1119 2136 1201 2196 nata
1235 2131 1306 2196 sint
1344 2133 1408 2198 iam

271 2234 576 2301 Alexandrinorum
613 2235 830 2316 temporibus,
868 2234 908 2299 de
947 2235 1009 2300 hoc
1047 2234 1200 2311 frustula
1238 2234 1408 2314 siquidem

270 2337 448 2422 genuinum
481 2336 513 2401 id
549 2354 624 2402 esse
658 2356 723 2402 non
756 2336 975 2416 concesseris,
998 2336 1089 2402 haud
1113 2336 1211 2401 aliter
1234 2336 1300 2400 erit
1326 2339 1409 2405 iudi·

268 2441 422 2516 candum.
460 2440 582 2519 Itaque
605 2439 676 2504 veri
694 2439 895 2506 simillimum
912 2444 964 2505 est
977 2440 1071 2505 illum
1082 2440 1150 2505 hoc
1165 2440 1409 2523 gravissimum

268 2544 367 2625 idque
401 2542 533 2606 minime
568 2543 688 2626 vulga
689 2563 743 2608 um
770 2562 839 2608 una
862 2562 937 2608 cum
960 2543 1080 2609 ceteris
1104 2562 1121 2607 c
1145 2542 1236 2607 fonte
1261 2562 1330 2609 sno
1358 2545 1409 2613 de·

268 2646 482 2729 prompsisse.

355 2750 487 2815 Tertius
521 2749 574 2815 hic
608 2750 916 2816 commemorandus
950 2704 1043 2816 locus
1081 2746 1146 2833 (36,
1161 2751 1212 2831 12)
1253 2729 1409 2819 continet

269 2853 445 2934 Herophili
482 2853 568 2918 (ιθ
559 2855 793 2919 intestinorum
830 2855 967 2919 humani
1006 2855 1154 2935 corporis
1196 2855 1407 2938 longitudine

270 2955 558 3036 existimationem,
593 2975 690 3036 quam
726 2957 805 3022 item
840 2958 929 3039 apud
952 2959 1127 3023 Philonem
1161 2957 1407 3028 desideramus.

271 3060 338 3129 Sed
373 3060 401 3126 si
435 3057 520 3124 forte
556 3060 738 3126 conieceris
772 3065 806 3125 et
838 3063 901 3126 hoc
936 3061 1086 3126 Anatolii
1121 3080 1195 3127 esse
1230 3062 1409 3141 emblema

272 3183 407 3246 quaero,
431 3162 594 3256 quomodo
618 3163 695 3227 mihi
721 3164 878 3244 explices,
904 3164 989 3244 quod
1014 3170 1048 3228 θι
1070 3164 1162 3229 Theo
1186 3163 1410 3246 Smyrnaeus,

271 3288 370 3351 quem
393 3266 604 3333 nullomodo
628 3286 668 3331 ex
685 3267 847 3334 Anatolio
870 3267 1017 3349 pendere
1040 3286 1138 3348 posse
1161 3266 1249 3331 iufra
1265 3268 1410 3349 videbis,

269 3375 320 3445 in
327 3372 444 3439 eadem
469 3370 509 3436 de
533 3371 724 3453 septenario
741 3390 879 3435 numero
896 3370 1008 3451 disput
1011 3371 1122 3435 atione
1139 3370 1280 3436 eandem
1296 3373 1410 3440 Hero·

270 3478 352 3559 phili
386 3480 501 3542 senten
505 3474 584 3539 tiam
573 3473 746 3554 profert
754 3475 790 3552 ²)
836 3475 892 3538 An
924 3483 957 3539 et
944 3474 1033 3539 tille
1057 3493 1139 3539 casn
1162 3475 1233 3555 ipse
1257 3475 1411 3544 addidit?

271 3583 346 3648 Non
383 3577 606 3657 asseverabiS,
640 3577 697 3642 sed
733 3597 862 3644 mecum
896 3577 1011 3657 fa'cieS,
1035 3577 1092 3658 qui
1115 3576 1278 3642 contendo
1305 3582 1411 3648 etiam

272 3687 336 3751 hac
359 3704 376 3750 e
400 3702 437 3747 re
462 3680 546 3747 effici
562 3680 759 3746 Anatolium
775 3700 841 3746 non
858 3678 1011 3767 hausisse
1029 3699 1092 3746 sua
1108 3700 1126 3745 θ
1142 3680 1294 3747 Philonis
1315 3660 1411 3750 libro.

361 3888 379 3957 ¹)
399 3890 443 3941 Ne
471 3887 547 3940 mihi
574 3900 707 3953 opponas
734 3886 814 3953 apud
840 3886 1001 3938 nonnullas
1028 3890 1123 3939 sectas
1147 3883 1339 3954 christianas,
1358 3889 1412 3943 im·

270 3977 377 4047 primis
406 3974 487 4041 apud
505 3973 731 4025 Valentinianos
759 3973 812 4039 qui
840 3972 944 4025 dicunt
933 3976 982 4024 tur
1009 3987 1118 4039 magna
1141 3972 1217 4024 hanc
1237 3972 1413 4028 doctrinam

271 4065 410 4133 floruisse
429 4064 497 4114 auct
500 4061 587 4112 oritat
589 4060 785 4127 efflippolyt.
766 4060 866 4112 tRef.
885 4060 937 4124 VI,
946 4059 979 4111 21
999 4060 1085 4125 sqq.)
1112 4059 1165 4122 illi,
1193 4074 1269 4124 quae
1289 4065 1413 4115 veteres

272 4149 524 4217 excogitaverant
552 4147 590 4200 iis
610 4149 660 4200 usi
678 4147 816 4214 dogmata
788 4146 999 4200 othristiana
1017 4145 1208 4212 exponebant
1225 4149 1254 4197 e
1273 4148 1412 4212 explica-

271 4237 352 4300 bant,
370 4235 449 4287 Anat
450 4234 527 4286 olins
546 4240 595 4287 vet
597 4250 681 4286 orum
699 4234 797 4285 nudas
816 4232 957 4286 narrabat
946 4236 1029 4284 lsen
1031 4236 1080 4283 ten
1082 4232 1146 4284 tias.

358 4321 380 4386 ²)
399 4322 443 4372 De
463 4321 522 4372 levi
541 4320 742 4386 discrepantia
759 4321 894 4372 locorum
911 4319 990 4370 infra
1007 4333 1101 4384 pauca
1120 4318 1225 4370 dicam.
