2916 5004
616 375 831 435 ...29-

352 560 505 614 Chalcidii.
943 558 1095 610 Anatolii.

112 678 115 705 2
157 668 189 718 in
202 667 239 718 iis
252 666 416 726 evidenter,
436 678 512 728 quos
528 663 564 715 de
578 661 697 714 Hebdo-

157 753 297 804 madibus
308 750 446 802 instituit.
461 749 698 800 Dinumerantur
786 765 833 816 pg.
847 749 888 800 36.
916 745 1020 814 κεφαλή
1039 747 1136 814 χρῆται
1154 743 1244 812 accurs
1262 740 1294 804 ζ’,

112 850 117 881 ῑ
157 853 278 905 quoque
305 851 450 889 sensuum
478 834 620 897 omnium,
646 834 698 899 qui

113 963 114 967 ,
156 925 287 975 suntin
316 923 419 987 capite,
438 925 552 986 sepiem
570 924 697 971 meatus:
786 919 943 990 ὀφθαλμοῖς
956 919 1012 983 δίο,
1036 914 1085 969 vicl
1098 915 1154 980 δύο,
1166 917 1296 984 μυκτῆρσι

156 1011 322 1071 oculorum,
336 1008 464 1070 aurium,
477 1007 597 1058 narium
610 1010 697 1072 atque
751 1006 806 1071 δύο,
827 1006 942 1076 στόματι.

156 1096 228 1148 oris.
264 1095 373 1146 Vitalia
395 1108 515 1160 quoque
538 1092 618 1157 paris
642 1107 696 1142 nu-
784 1092 929 1160 σπλάγχνα
958 1091 989 1155 ζ’,
1018 1090 1159 1159 στόμαχος,
1187 1085 1294 1154 καρδία,

154 1182 244 1234 meri:
264 1180 401 1247 lingum),
420 1180 531 1245 pulmo,
551 1193 610 1241 cor,
628 1179 698 1241 lien,
751 1178 887 1247 πνεύμων,
907 1170 989 1245 ἧπαρ,
1008 1176 1101 1240 σπλήν,
1122 1172 1220 1243 νεφροὶ
1239 1171 1294 1228 oio.

154 1267 257 1332 hepar,
294 1267 353 1317 duo
389 1266 497 1317 rienes,
541 1264 699 1315 Vocalium
786 1264 928 1331 φωνήεντα
949 1263 980 1327 ζ’,
1002 1279 1122 1326 αετμοαω.

155 1352 698 1419 quoquelitterarumnumerusidem,

155 1456 196 1491 ex
228 1438 339 1505 quibus
370 1440 598 1490 consonantium
630 1455 697 1490 con-

156 1527 316 1590 fragositas
327 1524 486 1589 levigatur.
509 1525 613 1577 Lunae
627 1541 698 1591 quo·
788 1519 867 1586 αὐτῆς
880 1523 987 1584 σελήνης
1000 1521 1096 1589 φάσεις
1109 1519 1141 1582 ζ’,
1162 1517 1202 1574 ills
1214 1536 1296 1587 μηνο-

155 1627 217 1678 que
253 1610 416 1662 crescentis
452 1615 480 1662 et
515 1611 699 1662 senescentis
751 1609 829 1672 ειδήα,
850 1608 890 1664 dis
903 1609 1051 1677 διχότομος,
1072 1606 1113 1661 dis
1126 1605 1297 1674 ἀμφίκυρτος

154 1696 350 1749 multiformis
390 1696 441 1748 illa
477 1696 698 1763 transfiguratio
752 1694 824 1758 ἅπαξ
843 1695 1013 1760 πανσέληνος.

154 1784 190 1835 in
219 1782 323 1834 eodem
350 1797 476 1834 numero
498 1780 630 1834 notatur:
659 1783 696 1834 si-

157 1869 283 1936 quidem
315 1869 352 1920 de
387 1868 515 1920 obseura
546 1873 699 1921 crescente

156 1955 273 2007 lumine
292 1955 326 2006 fit
343 1954 485 2016 bicornis
508 1953 618 2006 dehinc
637 1969 698 2006 sec-

156 2041 229 2102 tuis,
265 2040 373 2092 dehinc
411 2039 565 2091 dimidiata
598 2042 700 2105 maior,

158 2127 270 2179 dehinc
324 2126 422 2192 plena.
474 2130 700 2194 retrorsumque

158 2213 254 2266 maior
291 2213 454 2277 dimidiata,
494 2213 616 2278 sectilis,
655 2214 699 2266 bi-

160 2300 269 2352 cornis.
313 2299 393 2363 Quid
420 2301 501 2365 quod
527 2301 560 2352 in
587 2301 700 2352 mundo
789 2300 918 2361 πλανῆται
938 2300 969 2360 ζ’.

160 2389 275 2450 septem
294 2389 364 2438 sunt
381 2386 517 2451 planetes
535 2425 580 2439 ...

246 2543 347 2608 Potui
380 2544 480 2623 plura
515 2544 682 2623 exhibere,
717 2544 794 2608 licet
818 2563 882 2608 non
907 2542 947 2607 do
975 2541 1126 2606 oniuibus
1151 2538 1297 2604 numeris

162 2647 310 2727 disputet
333 2644 536 2725 Chalcidius
573 2647 631 2712 sed
665 2666 805 2728 prorsus
840 2648 934 2724 haee,
970 2663 1056 2725 quae
1083 2642 1189 2723 posui,
1213 2641 1298 2707 satis

162 2754 241 2815 suut
274 2750 380 2814 multa
415 2749 456 2814 ad
491 2749 673 2814 tollendam
707 2769 836 2815 omnem
872 2747 1124 2825 dubitationem,
1153 2744 1231 2825 quid
1255 2743 1298 2808 sit

161 2852 390 2918 iudicandum:
426 2872 544 2933 nempe
569 2851 763 2918 Chalcidius
798 2859 830 2918 et
861 2851 1044 2917 Anatolius
1079 2849 1121 2914 ad
1156 2847 1297 2913 eundem

162 2956 287 3021 iontem
321 2956 463 3036 primum
499 2960 578 3021 suut
610 2956 786 3021 referendi.
833 2959 947 3036 Atque
982 2953 1155 3035 quaeritur
1187 2951 1250 3030 hic,
1280 2970 1297 3016 e

164 3078 307 3147 quonam
332 3065 470 3124 auctore
494 3079 557 3124 sua
580 3061 732 3125 hauserit
754 3059 958 3126 Chalcidius
1004 3058 1083 3138 Ipse
1112 3055 1152 3121 de
1175 3055 1239 3118 hac
1261 3073 1298 3118 re

164 3163 246 3227 nihil
269 3163 402 3227 indicat.
449 3164 634 3243 Tamquam
659 3182 719 3228 suo
743 3163 876 3242 iudicio,
908 3180 995 3243 quae
1018 3160 1080 3225 sibi
1103 3159 1299 3224 viderentur

163 3268 337 3332 intellectu
376 3266 533 3347 difficilia,
574 3271 664 3332 esset
701 3266 938 3347 explicaturus,
984 3265 1018 3328 iu
1055 3261 1298 3346 prolegomenis

164 3371 237 3453 (IV,
261 3389 314 3452 pg.
338 3368 616 3452 71‚12Wr0bel)
651 3369 691 3434 de
725 3370 894 3450 proposito
929 3368 1073 3434 disserit.
1126 3364 1190 3433 Sed
1225 3384 1298 3430 cum

162 3475 230 3539 iam
253 3474 325 3554 ipse
349 3473 448 3538 facile
472 3473 653 3553 suspiceris
677 3492 744 3538 non
766 3473 873 3554 ipsius
897 3471 1060 3538 Chalcidii
1092 3489 1177 3549 esse,
1212 3487 1298 3549 quae

163 3577 389 3658 proferuntur,
424 3581 495 3642 tum
517 3577 684 3642 Martinus
695 3577 721 3656 ²)
755 3576 839 3640 vidit
875 3575 962 3640 haud
991 3574 1144 3656 exiguam
1168 3579 1297 3653 partem

165 3700 280 3747 eorum
304 3700 487 3764 congruere
511 3700 584 3744 cum
608 3680 659 3760 iis,
684 3698 768 3761 quae
793 3699 834 3744 ex
856 3678 1006 3743 Adrasto
1035 3677 1186 3743 servavit
1207 3677 1299 3741 Theo

165 3785 370 3866 Smyrnaeus
380 3785 416 3865 ³),
450 3784 482 3848 id
507 3783 593 3864 quod
617 3785 666 3848 ita
690 3783 879 3863 explicabat
902 3781 1080 3859 Martinus,
1107 3786 1144 3845 ut
1168 3778 1298 3846 Chalci·

166 3888 257 3954 dium
281 3906 298 3952 e
315 3888 470 3953 Theoueo
487 3887 569 3952 libro
586 3889 649 3952 has
667 3887 890 3967 expositiones
907 3885 1120 3950 transtulisse
1136 3885 1298 3948 censeret.

255 4127 274 4192 1)
293 4127 373 4180 Theo
393 4143 441 4193 pg.
462 4127 518 4184 104.
531 4127 573 4178 15:
601 4124 646 4176 καὶ
666 4124 811 4193 σπλάγχνα
830 4121 904 4187 ἑπτά,
924 4124 1064 4190 γλῶσσα,
1084 4121 1183 4190 καρδία
1210 4140 1233 4174 κ.
1246 4140 1266 4174 τ.
1279 4122 1299 4172 l.

253 4212 273 4279 2)
293 4213 382 4277 Theo,
402 4213 438 4264 de
457 4216 566 4264 astron.
585 4228 634 4278 pg.
655 4213 694 4263 18.
893 4204 900 4212 ’

252 4297 275 4365 3)
295 4300 330 4350 ln
348 4298 426 4350 libro
445 4300 505 4350 iam
523 4303 655 4350 tractato.
