2916 5004
632 381 824 438 ..4-

160 566 302 631 latinum
326 565 492 630 convertit
515 564 664 630 auctoris
688 565 820 630 nomine
837 566 969 630 omisso.
1007 566 1084 630 Alio
1100 566 1184 643 loco,
1212 563 1305 644 quod

161 669 275 748 seiam,
309 669 394 733 liber
428 672 631 732 memoratus
666 687 730 732 non
766 676 826 735 est.
877 670 962 733 Nam
999 675 1108 734 utrum
1142 670 1305 733 Joannee

162 771 277 854 Lydus
291 770 322 853 ¹),
346 807 388 815 —-
411 769 452 835 de
476 788 542 850 quo
558 769 646 836 infra
662 790 800 854 agemus
816 807 859 815 —
875 790 961 851 quae
979 772 1043 850 ΠΙ,
1058 777 1074 835 1
1100 771 1140 836 de
1158 770 1306 836 denario

162 895 300 940 numero
335 874 479 954 exhibet,
515 893 555 939 ex
578 875 738 940 Anatolio
772 875 923 940 hauserit
957 894 1000 939 an
1036 895 1075 940 cx
1101 875 1177 954 alio,
1208 882 1306 938 certo

115 1050 117 1054 Α
162 978 337 1043 diiudicari
361 977 486 1059 nequit.

248 1099 321 1163 Iam
355 1117 458 1178 supra
492 1096 635 1162 diximus
662 1098 892 1178 epitomateris
917 1098 1080 1163 rationem
1105 1097 1247 1180 agnosci
1274 1097 1306 1160 in

162 1200 313 1267 Anatolii
346 1201 472 1280 libel103
507 1217 612 1281 quare
647 1220 734 1266 nunc
768 1201 952 1282 quaeritur,
988 1220 1112 1265 verane
1147 1201 1194 1265 sit
1218 1201 1308 1266 haec

163 1305 320 1387 suspicio,
341 1309 442 1384 atque
458 1321 558 1386 porro
575 1304 671 1370 cuius
686 1305 720 1368 in
736 1310 915 1388 angustum
933 1305 1081 1387 coegerit
1095 1303 1150 1369 ille
1167 1304 1306 1369 librum.

164 1407 259 1490 Quod
295 1411 332 1472 ut
366 1425 534 1486 eruamus,
567 1407 660 1488 prins
695 1408 790 1473 nobis
824 1415 876 1472 est
902 1407 1132 1472 disserendum
1157 1407 1200 1472 de
1226 1409 1309 1473 aliis

164 1511 362 1594 quibusdam
386 1510 615 1592 scriptoribus,
640 1529 723 1592 quos
747 1511 864 1576 eadem
887 1511 927 1576 de
951 1531 987 1577 re
1009 1511 1178 1576 simillima
1195 1512 1308 1577 tradi·

163 1614 252 1682 disse
279 1614 475 1680 videbimus

343 1852 401 1935 11.
436 1853 507 1933 De
535 1853 739 1934 Philone
766 1853 1116 1934 Alexandrino.

249 2046 347 2111 Philo
371 2065 445 2110 cum
469 2046 631 2111 nonnulla
653 2046 800 2113 frustula
822 2047 857 2111 in
881 2045 957 2112 aliis
980 2046 1074 2113 libris
1098 2052 1168 2111 tum
1194 2047 1229 2111 in
1258 2068 1310 2129 eo,

163 2151 220 2231 qui
242 2148 438 2214 inscribitur
463 2151 534 2230 „De
558 2149 687 2230 opificio
712 2148 857 2231 mundi“,
892 2151 1067 2216 continuas
1094 2149 1241 2231 praebet
1268 2152 1310 2218 de

164 2253 310 2318 numeris
345 2253 651 2333 commentationes
685 2271 770 2333 quas
805 2253 991 2319 simillimas
1025 2272 1099 2319 esse
1125 2254 1178 2334 iia,
1215 2275 1310 2336 quae

163 2352 375 2422 tradiderunt
397 2357 489 2422 Theo
513 2362 547 2422 et
570 2356 637 2436 alii,
672 2355 712 2421 de
743 2356 864 2438 quibus
887 2356 975 2422 infra
1000 2358 1104 2422 verba
1126 2357 1309 2440 faciemus

164 2459 247 2525 vidit
271 2459 546 2544 Schmekelius2).
592 2459 655 2527 Sed
678 2453 850 2526 'artissima
874 2465 927 2527 est
955 2461 1178 2540 necessitate,
1215 2481 1309 2543 quae

163 2562 342 2629 intercedit
373 2565 463 2629 inter
486 2564 659 2629 Philonem
694 2571 728 2628 et
751 2565 955 2630 Anatolium.
1000 2564 1087 2629 Nam
1121 2583 1210 2645 quae
1246 2567 1309 2632 im·

164 2667 279 2750 primis
303 2666 344 2732 de
367 2667 585 2748 quaternario
609 2675 642 2733 et
666 2667 859 2749 septenario
875 2668 1024 2734 numeris
1041 2668 1175 2733 exhibet
1192 2669 1307 2751 Philo,

165 2770 250 2837 haec
281 2771 393 2837 omnia
426 2769 543 2837 iisdem
577 2772 772 2852 plerumque
808 2771 919 2837 verbis
950 2790 1121 2853 expressa,
1144 2775 1305 2852 quamvis

167 2875 234 2941 sint
265 2876 299 2939 in
335 2880 514 2958 angustum
547 2882 677 2956 coacta,
711 2875 745 2940 in
770 2875 921 2941 Anatolii
957 2875 1068 2941 libello
1103 2877 1300 2956 reperimus.

166 2978 232 3044 Sed
254 2979 452 3060 priusquam
476 2978 576 3044 latins
600 2978 640 3043 de
664 2980 728 3044 hac
750 2997 786 3044 re
810 2978 985 3059 disseram,
1010 2979 1181 3060 exemplis
1215 2979 1306 3062 quod

167 3080 244 3161 dini,
267 3081 411 3162 probare
434 3080 539 3147 iuvat.

166 3233 250 3287 Philo
269 3234 306 3287 de
325 3250 371 3301 op.
390 3234 497 3287 mundi
519 3250 568 3302 pg.
590 3234 706 3300 11193).
793 3235 910 3288 Anatol.
929 3252 978 3303 pg.
997 3235 1081 3300 31‚2l
1101 3235 1271 3305 (Helberg).

265 3336 376 3406 τετράδι,
398 3337 430 3401 ἦν
448 3337 559 3392 δεκάδος
576 3338 620 3400 τῆς
638 3358 707 3390 παν·
793 3338 818 3390 2.
918 3339 1008 3408 πρώτη
1035 3340 1173 3408 τετρακτύς
1194 3342 1309 3408 (scili

166 3418 331 3479 wieldruda
351 3418 385 3474 (ἰν
404 3422 544 3493 διαμάρτοι
565 3444 600 3479 τις
619 3421 708 3493 cimon·
758 3424 866 3493 τετράς),
884 3423 923 3478 ὅτι

166 3511 221 3580 μήν
239 3507 312 3563 εἶναι
329 3507 416 3578 λέγων
433 3510 480 3562 καὶ
499 3511 598 3580 πηγήν·
620 3508 635 3562 δ
652 3509 707 3579 yde

166 3595 318 3666 ἐντελεχείᾳ
345 3596 430 3663 δεκάς,
457 3599 531 3650 τοῦτο
557 3597 653 3668 τετράς,
674 3594 709 3651 oie

168 3682 243 3749 ἔοικε,
264 3682 389 3754 δυνάμει·
414 3681 439 3736 εἰ
456 3685 524 3752 γοῦν
542 3685 568 3736 οἱ
586 3680 640 3737 sind
657 3704 708 3755 μο-
1135 3685 1160 3736 οἱ
1179 3679 1237 3738 (1πὸ
1257 3708 1311 3758 μο-

168 3874 392 3938 Nicomachum,
411 3876 490 3941 quod
510 3875 694 3942 intellegitur
713 3890 752 3926 ex
770 3890 813 3938 66,
833 3874 912 3940 quod
935 3889 1164 3939 nonnumquam
1184 3874 1223 3926 de
1245 3894 1310 3932 uno

168 3976 293 4013 numero
313 3961 394 4012 idem
413 3962 459 4013 vel
477 3960 639 4013 simillimis
653 3962 700 4012 vel
713 3961 822 4013 iisdem
836 3960 937 4012 verbis
949 3960 997 4012 bis
1011 3960 1134 4012 dicitur:
1153 3976 1225 4027 pgg.
1236 3965 1264 4028 4,
1278 3966 1311 4018 12

169 4050 197 4097 et
216 4048 277 4110 5,4;
300 4047 366 4106 114
385 4049 412 4098 61
432 4047 471 4111 15,
483 4046 523 4098 12.
560 4046 620 4100 Sed
639 4047 675 4100 (16
693 4047 742 4100 his
760 4048 849 4113 plura
866 4048 989 4100 fortasse
1009 4047 1065 4099 alio
1085 4048 1157 4098 loco.

258 4133 275 4198 ¹)
294 4133 331 4183 de
350 4132 505 4185 mensibus
523 4149 572 4199 pg.
591 4132 625 4185 92
643 4134 689 4185 ed.
707 4133 842 4186 Reether.

255 4219 274 4286 ¹2)
294 4219 350 4270 llie
369 4218 557 4284 Philosophie
577 4220 631 4271 der
649 4220 734 4271 mittl.
755 4218 823 4271 Stoa
842 4236 888 4284 ng.
908 4221 959 4270 1119
978 4236 1041 4285 sqq.

254 4305 274 4370 3)
293 4306 368 4358 Utor
385 4305 516 4357 editione
534 4321 551 4357 a
570 4305 681 4358 Colinio
700 4310 810 4358 curata.
