2916 5004
723 382 939 442 ,46-

266 564 369 631 fuisse
385 565 572 631 Favonium
592 566 784 649 Augustini,
812 566 868 647 qui
892 571 1099 646 quantopere
1122 565 1155 629 in
1179 583 1281 630 usum
1308 583 1399 629 voea-

267 669 355 734 verit
376 670 527 734 Marcum
551 669 743 735 Terentium
767 670 1005 753 pervulgatum
1029 677 1081 735 est
1094 667 1125 750 ¹).

352 772 552 853 Priusquam
588 778 698 839 autem
733 791 923 857 pergamus,
958 773 1118 838 nonnulla
1152 777 1232 839 sunt
1262 771 1403 837 dicenda

268 875 309 940 de
343 873 455 941 Caroli
492 876 612 943 Priesii
647 876 791 957 quadam
827 873 1170 959 dissertatiuncula2).
1228 875 1345 942 Cuius
1381 875 1405 940 si

268 977 376 1043 credis
398 979 605 1059 inseriptionl
630 980 702 1058 „De
727 981 770 1044 M.
787 980 941 1045 Varrone
967 999 988 1045 a
1010 978 1161 1044 Favonio
1178 978 1332 1060 Eulogio
1356 996 1405 1042 er·

267 1082 416 1162 presso“,
440 1082 503 1148 sibi
525 1083 700 1163 proposuit
723 1083 873 1148 Friesius
902 1102 1002 1166 agere
1026 1081 1067 1147 de
1092 1082 1248 1147 Varrone
1276 1079 1406 1164 Eulogii

270 1189 417 1266 auctore,
451 1186 502 1251 sin
527 1193 639 1252 autem
662 1186 835 1270 perlegisti
859 1186 1130 1268 disputationem,
1160 1191 1283 1265 stupes
1308 1189 1407 1264 atque

268 1308 407 1369 prorsus
432 1290 551 1369 neseis,
576 1289 653 1370 quid
679 1291 823 1355 voluerit
837 1291 892 1354 vel
908 1290 1018 1371 potius
1034 1288 1113 1370 quid
1130 1288 1271 1353 taudem
1289 1285 1407 1352 effece-

269 1393 312 1457 rit
334 1392 390 1457 ille
414 1393 465 1457 vir
488 1393 615 1458 doetus.
660 1393 773 1458 Iactat
800 1394 884 1458 enim
912 1394 968 1459 ille
995 1393 1112 1475 pauois
1135 1391 1274 1475 paginis
1299 1392 1408 1456 Pavo

270 1497 371 1576 nium,
387 1496 604 1574 Macrobium,
622 1495 841 1577 Chalcidium,
858 1497 1016 1575 Gellium,
1033 1494 1270 1574 Censorinum,
1283 1495 1407 1560 Varro·

270 1618 354 1678 nem,
367 1599 563 1679 Adrastum,
571 1599 798 1679 Posidonium,
811 1601 907 1679 alios,
920 1599 1018 1665 modo
1032 1597 1243 1665 Olialoidium
1257 1598 1409 1679 sequitur

166 1729 168 1734 ·
270 1703 472 1782 Maerobius,
507 1703 604 1768 modo
628 1703 824 1782 Varronem,
859 1703 1068 1770 Macrobium
1098 1700 1287 1782 Favonius
1328 1719 1407 1782 quae

271 1807 382 1871 omnia
404 1825 468 1872 nou
493 1806 775 1887 demonstrantur,
810 1806 866 1872 sed
903 1807 1019 1887 paneis
1050 1811 1272 1886 utrorumque
1301 1803 1406 1870 verbis

271 1911 474 1990 comparatis
498 1915 623 1976 temere
647 1910 857 1993 colliguntur,
882 1910 978 1975 modo
999 1929 1160 1976 summam
1179 1908 1275 1974 ‹luoit
1291 1908 1405 1973 mirun

271 2033 370 2094 quam
395 2014 589 2094 simpliciter
611 2014 663 2079 his
687 2014 862 2097 lpg.117):
888 2014 1061 2094 „Vidimus
1079 2012 1293 2080 Clraloidium
1320 2010 1406 2092 sequi

271 2117 489 2197 Macrobium,
523 2116 667 2182 vidimus
702 2117 840 2182 eundem
877 2117 1094 2200 singulariter
1128 2116 1312 2181 ooneinere
1342 2133 1406 2180 oum

271 2221 406 2285 Theona
432 2221 485 2286 vel
502 2218 540 2304 [P]
557 2219 720 2300 Adrasto,
745 2273 801 2285 ...
825 2221 999 2286 Favonius
1023 2226 1133 2286 autem
1151 2219 1331 2284 Martiano
1356 2236 1409 2285 ner

273 2342 339 2388 non
361 2324 532 2390 Macrobio
556 2325 703 2390 similior.
751 2323 839 2406 Quid
867 2325 966 2408 ergo?
1011 2321 1217 2389 Chalcidium
1254 2321 1409 2387 novimus

272 2429 366 2508 sequi
404 2428 665 2508 Peripateticum
704 2428 795 2493 illum
831 2427 1027 2507 Adrastum,
1066 2447 1087 2492 a
1117 2427 1253 2491 Theona
1298 2425 1410 2491 adum·

273 2532 407 2596 bratum
431 2529 480 2614 [ll.
526 2531 697 2598 Adrastus
725 2550 800 2597 eum
824 2531 977 2596 Platonis
1000 2531 1172 2596 Timaeum
1205 2534 1412 2594 commenta·

273 2640 377 2714 retur,
410 2634 523 2700 faeere
557 2655 623 2701 uon
656 2640 799 2717 poterat,
836 2635 915 2716 quin
939 2634 1156 2700 Posidoniani
1179 2631 1414 2699 commentarii

274 2739 438 2804 rationem
453 2739 594 2804 haberet
612 2736 661 2823 [?l·
698 2740 884 2804 Varronem
901 2759 1032 2820 quoque
1049 2739 1154 2803 multa
1171 2756 1211 2802 ex
1227 2734 1415 2802 Posidonio

275 2843 429 2908 hausisse
466 2848 726 2908 consentaneum
765 2842 902 2922 verique
941 2842 1142 2908 simillimum
1180 2846 1242 2906 est.
1304 2838 1416 2922 Quare

277 2945 363 3026 quod
388 2946 414 3010 si
440 2943 513 3029 [sio]
537 2946 748 3011 consentiunt
771 2964 895 3026 omnes,
921 2964 1002 3027 quos
1027 2944 1212 3023 attulimus
1223 2943 1261 3007 in
1280 2943 1417 3024 quibus·

277 3050 364 3129 dam,
398 3049 432 3114 in
468 3048 665 3129 quibusdam
701 3049 742 3114 ab
778 3049 895 3115 alteris
930 3048 1027 3113 alteri
1051 3046 1223 3126 rooedunt,
1254 3046 1306 3111 nil
1329 3044 1418 3112 aliud

277 3171 402 3218 oausae
427 3159 489 3232 est,
513 3151 577 3217 uisi
601 3151 689 3233 quod
712 3151 916 3232 OhaloidiuS,
941 3151 968 3216 si
993 3151 1067 3232 quid
1093 3149 1201 3228 viden,
1225 3147 1419 3216 Adrastum

278 3255 443 3337 exprimit,
467 3255 569 3320 oeteri
595 3256 780 3320 Varronem
807 3254 1040 3320 adumbrant.“
1086 3253 1148 3332 En,
1181 3251 1337 3333 inquies,
1373 3271 1419 3318 res

279 3365 331 3425 est
355 3359 522 3440 expedita,
546 3358 738 3425 Chalcidius
763 3365 796 3423 et
819 3359 910 3423 Theo
934 3358 1129 3434 Adrastum,
1153 3354 1280 3435 reliqui
1297 3356 1420 3423 Varro·

279 3483 352 3528 nem
366 3467 400 3527 et
413 3481 527 3527 omues
541 3467 727 3543 sequuntur
739 3461 967 3527 Posidonium.
1002 3460 1056 3524 lta
1070 3477 1149 3523 vero
1162 3457 1317 3524 fortasse
1332 3498 1376 3506 —
1389 3493 1421 3504 -

280 3567 345 3632 Sed
370 3566 469 3631 alium
495 3566 687 3646 vituperare
711 3584 830 3646 parum
854 3565 946 3645 utile,
974 3563 1196 3640 utilissimum,
1226 3562 1327 3642 quod
1352 3581 1421 3645 peo-

281 3670 382 3749 oavit,
418 3669 607 3750 emendare,
642 3668 731 3750 quod
754 3673 846 3734 reete
871 3669 949 3751 egit,
978 3667 1012 3731 in
1037 3685 1134 3731 usunr
1156 3665 1300 3732 trahere
1328 3673 1422 3748 atque

282 3793 417 3858 augere.
463 3774 568 3839 Reate
603 3773 671 3855 egit
703 3773 758 3838 ille
795 3772 845 3835 vir
879 3771 1008 3850 doetus,
1032 3769 1119 3850 quod
1144 3769 1324 3836 nonnullis
1350 3768 1421 3835 loeis

282 3878 382 3943 etiam
420 3876 578 3956 Gellium,
616 3875 848 3953 Censorinum,
884 3874 1087 3939 Martiarum
1122 3871 1304 3951 Capellam
1343 3891 1421 3939 oom-

281 3982 424 4064 paraudi
439 3999 546 4046 eausa
562 3979 751 4045 advoeavit.
788 3980 874 4043 Nam
891 3978 935 4057 hi,
952 3995 1035 4057 quos
1052 3975 1147 4040 nixos
1164 3991 1241 4038 esse
1259 3975 1421 4042 Varronis

373 4221 389 4287 ¹)
409 4221 517 4273 Confer
537 4220 629 4283 Diels,
649 4219 724 4271 Dox.
744 4218 794 4270 Gr.
812 4232 862 4282 pg.
881 4217 993 4280 201127.

370 4309 389 4374 ²)
408 4308 485 4359 Mus.
504 4307 598 4358 Rhen.
617 4306 660 4370 58,
677 4321 726 4371 pg.
748 4306 796 4355 115
816 4320 879 4370 sqq.
