2916 5004
618 377 833 438 ..lg-

160 560 296 644 ὥσπερ
319 563 386 626 καί
408 559 458 625 τά
482 559 669 643 πρόσθεν
691 560 771 626 ὑπὸ
795 566 876 627 τῶν
896 560 1210 643 Πυθαγορικῶν
1235 581 1299 623 πα-

161 663 396 748 ραδοθέντα
444 664 513 730 ἐπί
561 664 607 730 τὸ
655 667 970 748 γνωριμώτερον
1014 664 1299 748 ἐξενεγκόντες

161 765 525 850 παραδεδώκαμεν,
557 766 676 834 οὐδέν
711 768 829 834 αύτοί
851 769 1010 834 τούτων
1033 768 1299 851 ἐξευρηκέναι

162 872 406 956 φάσκοντες.
441 869 794 954 παραδεικνύντας
822 870 862 936 δέ
889 893 981 937 τινα
1009 877 1089 936 τῶν
1112 871 1202 936 ὑπὸ
1229 875 1301 935 τῶν

161 974 240 1057 πρὸ
264 976 377 1058 ἡμῶν
401 972 731 1057 παραδοθέντων
838 976 1074 1058 συναγωγὴν
1102 972 1300 1056 ἐποιησά-

161 1076 282 1163 μεθα.
328 1079 418 1163 Ergo
442 1079 542 1145 etiam
567 1098 618 1158 ea,
641 1099 729 1160 quae
752 1078 968 1161 praecedunt,
1000 1097 1065 1143 nou
1088 1078 1202 1158 ipsius
1231 1083 1301 1143 suut

162 1182 319 1262 Theonis,
353 1182 410 1247 sed
447 1183 671 1263 transscripta
704 1202 745 1247 ex
773 1201 873 1264 opere
897 1181 1038 1247 hominis
1062 1181 1252 1247 cuiusdam
1276 1198 1302 1244 se

162 1286 462 1370 Pythagoricorum
487 1286 527 1351 de
550 1286 602 1351 his
625 1287 725 1352 rebus
749 1286 935 1352 sententias
956 1285 1081 1351 referre
1098 1277 1303 1362 simulantis,

161 1389 197 1455 id
232 1388 318 1470 quod
353 1389 546 1470 disputandi
580 1390 711 1455 ratione
748 1389 899 1471 inspecta
933 1389 1162 1454 confirmatur.
1227 1388 1304 1454 Cum

164 1491 306 1558 enimin
330 1493 452 1558 ceteris
477 1493 568 1558 ouda
591 1494 849 1559 mathematicae
871 1496 1054 1574 praecepta
1072 1491 1305 1571 proferantur

163 1596 218 1661 hic
241 1595 418 1661 manifesto
434 1597 735 1680 Pythagoricorum
760 1597 947 1662 sententiae
970 1596 1176 1662 referuntur.
1223 1594 1305 1662 Cou-

165 1701 255 1766 feras
278 1700 376 1765 velim
401 1705 506 1780 20,19
526 1698 713 1782 Ἀρχύτας
736 1702 802 1764 καί
821 1698 1023 1780 Φιλόλαος
1130 1704 1186 1779 20,
1202 1705 1252 1765 20
1279 1700 1307 1764 oi

165 1802 206 1869 δέ
222 1801 410 1868 πλεῖστοι
425 1801 702 1886 προστιθέασι
719 1857 725 1868 .
744 1856 775 1869 ..
799 1809 851 1883 20,
864 1809 905 1868 23
921 1801 1084 1885 λέγουσι
1106 1807 1162 1882 21,
1176 1809 1226 1867 20
1244 1808 1308 1868 τῶν

166 1905 203 1973 δέ
236 1905 400 1990 ἀριθμῶν
434 1911 653 1972 ποιούνται
686 1908 750 1991 τὴν
783 1909 929 1990 πρώτην
966 1906 1079 1990 τομὴν
1202 1911 1308 1986 21,22

248 2011 348 2092 φασί
371 2060 427 2074 ...
452 2014 558 2089 21,24
581 2012 726 2093 πρώτην
749 2007 786 2075 δέ
809 2015 881 2075 τῶν
907 2013 1081 2090 περισσῶν
1097 2007 1187 2073 ένιοι
1215 2009 1308 2094 ἔφα-

167 2131 240 2177 σαν
263 2112 327 2194 τὴν
349 2109 487 2195 μονάδα
593 2119 676 2193 225
704 2110 936 2195 Ἀριστοτέλης
959 2110 996 2177 δὲ
1021 2112 1058 2176 ἐν
1084 2116 1135 2195 τῷ
1160 2110 1307 2178 Πυθα-

166 2220 317 2298 γορικῷ
345 2214 385 2279 τὸ
414 2214 450 2279 έν
480 2237 645 2299 φησι...
670 2222 753 2296 2259
782 2217 993 2299 συμφέρεται
1021 2212 1058 2279 δὲ
1080 2215 1233 2298 τούτοις
1258 2218 1306 2283 καί

172 2318 358 2401 Ἀρχύτας
483 2323 587 2399 2212
611 2317 983 2402 προσαρμόζουσιν.
1020 2323 1123 2398 2427
1155 2319 1306 2386 καλου·

168 2439 232 2486 σιν
255 2473 312 2487 ...
337 2427 420 2501 25,3
444 2419 639 2487 καλοῦσιν
664 2472 721 2487 ...
747 2428 851 2502 4013
875 2421 1035 2506 ἔφασαν
1056 2423 1088 2486 oi
1104 2419 1307 2507 Πυθαγορι·

168 2527 232 2591 κοί.
271 2523 436 2592 Constare
459 2525 562 2608 igitur
585 2524 718 2590 videtur
741 2526 910 2590 Thoonem
935 2544 1029 2591 usum
1055 2544 1130 2591 esse
1157 2534 1307 2606 auctore

168 2629 225 2710 qui
247 2628 536 2712 Pythagoreorum
571 2628 757 2694 doctrinam
791 2629 969 2694 rescrebat.
1017 2629 1130 2708 Atque
1167 2630 1307 2698 circum·

168 2733 360 2814 spiciamus,
399 2750 496 2812 quem
532 2752 593 2813 pro
631 2733 755 2798 aetatis
789 2733 917 2797 ratione
953 2732 1099 2813 potuerit
1133 2732 1306 2802 adhibere

168 2835 403 2914 Nicomachus,
438 2834 479 2899 de
514 2854 577 2915 quo
613 2836 762 2919 cogitare
785 2839 891 2916 potes,
916 2835 1068 2916 aequaHs
1092 2834 1163 2900 fere
1191 2837 1264 2906 fuit
1284 2848 1308 2905 et

168 2943 356 3022 praeterea,
401 2938 485 3019 quod
530 2939 685 3017 sciamus
728 2939 769 3004 de
810 2940 1102 3023 Pythagoreorum
1145 2939 1307 3009 doctrinis

169 3042 340 3124 proprium
374 3041 494 3107 librum
530 3061 595 3106 uon
630 3042 771 3123 scripsit.
818 3043 939 3123 Itaque
973 3043 1103 3127 lougius
1138 3046 1239 3123 quod
1275 3045 1307 3112 ad

170 3153 302 3226 tempus
337 3143 568 3228 regrediamur
602 3163 738 3210 neeesse
773 3148 834 3210 est.
892 3144 998 3226 Atqui
1038 3146 1182 3228 legimus
1225 3149 1308 3232 apud

170 3248 392 3331 Porphyrium
427 3246 559 3330 haee¹):
593 3249 614 3331 ἡ
643 3245 680 3312 δὲ
703 3249 876 3331 capiccio
900 3246 1063 3331 ἀριθμῶν
1087 3256 1309 3333 πραγματεία

171 3352 254 3434 (soil.
278 3355 350 3416 τῶν
365 3348 629 3433 Πυθαγορείων)
653 3352 701 3432 ὡς
725 3349 824 3416 άίλοι
846 3372 883 3416 τε
907 3353 1013 3434 φασίν
1030 3352 1088 3415 καί
1102 3350 1310 3438 Μοδέρατος

172 3454 251 3521 oen
274 3452 450 3537 Γαδείρων
478 3455 572 3519 πάνυ
601 3461 752 3537 συνετῶς
778 3456 815 3520 ἐν
843 3454 959 3538 δέκαῖ)
987 3453 1132 3538 βιβλίοις
1160 3479 1310 3543 συναγα-

172 3558 242 3641 γὼν
264 3557 304 3623 τὸ
326 3557 473 3641 ἀρέσκον
488 3565 562 3640 τοῖς
579 3557 768 3643 dedecor-y,
786 3557 842 3624 διὰ
857 3563 962 3624 τοῦτο
980 3556 1216 3646 ἐσπουδάσθη
1244 3563 1311 3630 κτίη

172 3663 369 3728 Moderatus
406 3662 509 3746 igitur
546 3663 834 3746 Pythagoreorum
873 3662 913 3727 de
953 3663 1098 3727 numeris
1137 3662 1312 3734 doctrinas

174 3771 418 3847 composuerat,
453 3769 555 3846 atque
587 3767 680 3831 illum
715 3786 810 3833 usum
847 3786 919 3832 esse
955 3765 1137 3831 enarrandi
1176 3772 1313 3837 ratione

174 3869 319 3952 quadam
343 3869 511 3934 simillima
535 3871 575 3950 ei,
610 3889 710 3950 quam
733 3890 919 3952 usurpasse
945 3869 1088 3934 vidimus
1110 3869 1144 3934 in
1168 3889 1217 3938 ea
1242 3876 1314 3940 libri

261 4127 270 4163 ¹
328 4126 402 4178 it.P
458 4126 525 4178 .48.

259 4125 280 4278 2)>
297 4127 342 4264 Ἀρ
361 4125 482 4277 εοαζδῖιί
500 4211 647 4265 Biioheler
665 4228 719 4278 pro
738 4211 770 4264 έν
787 4211 891 4277 ἕνδεκα,
912 4216 989 4266 Mus
1009 4213 1101 4266 Rhen.
1121 4213 1162 4277 37,
1183 4229 1239 4283 pg.
1259 4219 1315 4272 335.

260 4298 280 4355 3]
301 4297 400 4363 Steph.
420 4297 489 4364 Byz.
508 4296 713 4366 sublsridecpo:
729 4299 819 4367 βιβλία
837 4300 890 4349 τῶν
908 4299 1107 4368 Πυθαγορικῶν
1124 4300 1249 4367 σχολῶν.
