2916 5004
654 814 799 897 Vita.

248 1010 358 1074 Natus
375 1027 448 1074 sum
461 1008 628 1074 Iohannes
644 1007 672 1074 G
685 1009 880 1074 erhardus
897 1009 1120 1091 Borghorst
1134 1010 1294 1074 Harenae

161 1112 204 1176 ad
227 1111 391 1176 Amisiam
415 1112 501 1176 sitae
525 1131 554 1176 a.
580 1111 609 1175 d.
639 1111 770 1176 XVIII.
795 1112 872 1176 Kal.
897 1113 976 1176 Mai.
1005 1132 1080 1177 ann.
1104 1131 1135 1192 p.
1161 1111 1236 1176 Obr.
1263 1132 1293 1176 n.

160 1213 503 1282 thUOOLXXVIlI
519 1216 713 1279 Hermanno
731 1216 916 1299 Borghorst
936 1217 1133 1299 biargareta
1147 1215 1295 1299 Robling

159 1319 367 1399 parentibus,
401 1338 485 1398 quos
513 1319 710 1399 superstites
734 1338 810 1384 esse
834 1319 974 1402 gaudeo.
1022 1320 1115 1384 Fidei
1140 1319 1294 1385 addictus

159 1441 233 1488 sum
256 1422 450 1487 catholicae.
490 1423 695 1487 Litterarum
721 1422 893 1488 elementis
916 1423 1063 1488 imbutus
1088 1431 1121 1487 et
1136 1422 1293 1493 instituti·

159 1545 222 1591 one
251 1525 386 1606 privata
414 1526 455 1589 ad
486 1526 634 1590 scholam
663 1525 845 1591 instructus
869 1532 1025 1607 receptus
1048 1545 1121 1591 sum
1144 1527 1177 1589 in
1203 1546 1293 1610 gym-

158 1629 290 1694 nasium
307 1629 500 1710 Meppense,
524 1629 611 1709 quod
635 1634 704 1694 tum
722 1629 822 1694 Hune
845 1631 947 1709 paulo
970 1633 1046 1710 post
1062 1629 1159 1694 Ruhe
1182 1631 1293 1695 mode-

157 1733 308 1798 rabatur.
343 1732 499 1814 Quinque
523 1732 620 1797 annis
635 1737 713 1811 post
728 1733 932 1798 maturitatis
949 1734 1138 1798 testimonio
1154 1742 1293 1799 ornatus
1367 1791 1370 1796 .

157 1856 240 1901 vere
257 1836 336 1900 anui
348 1834 653 1902 MDUCOXCVIH
670 1837 789 1900 transii
805 1836 839 1900 in
856 1837 1111 1902 universitatem
1125 1837 1294 1902 hlonaste-

155 1940 315 2018 riensem,
350 1939 405 2003 ubi
441 1945 562 2019 quater
596 1957 656 2003 sex
690 1958 821 2004 meuses
849 1940 968 2005 studiis
991 1941 1136 2020 incubui,
1162 1941 1210 2005 bis
1235 1959 1294 2006 seu

155 2043 355 2126 theologicis
389 2048 469 2107 tuno
502 2043 640 2122 relictis
674 2043 725 2108 bis
761 2063 820 2107 sex
854 2044 1073 2126 philologieis,
1097 2044 1294 2110 docentibus

157 2165 211 2211 me
236 2145 317 2212 viris
341 2145 541 2211 doctissimis
557 2147 769 2229 Hagemann,
786 2148 927 2228 Kappes
943 2149 1160 2229 philosophis
1176 2147 1293 2226 Hosio,

155 2251 285 2330 Jostes,
316 2248 520 2332 Schwering,
554 2248 784 2333 Sonnenburg,
819 2251 924 2328 Stahl,
959 2252 1078 2316 Storck
1105 2251 1294 2334 philologia,

156 2353 278 2434 Koepp
303 2353 534 2435 archaeologo.
582 2353 710 2418 Deinde
747 2373 826 2418 vero
862 2373 912 2418 me
936 2354 1061 2418 contuli
1086 2355 1236 2419 Bonnam
1262 2363 1295 2418 et

157 2475 219 2521 sex
252 2474 384 2521 menses
416 2455 529 2520 audivi
553 2456 731 2534 Bbcheler,
755 2458 900 2535 Franok,
923 2457 1107 2536 Loeschhe,
1132 2456 1293 2536 Solmsen,

155 2559 303 2637 Usener,
326 2558 514 2623 Wilmanns
536 2558 647 2637 ibique
671 2558 718 2623 lui
735 2559 867 2635 ,sodalis
891 2559 1123 2638 proseminarii
1138 2560 1293 2625 Usenero

157 2661 300 2744 benigne
339 2681 390 2725 me
429 2661 632 2726 admittente.
693 2662 878 2726 Praeterea
922 2669 958 2727 ut
996 2663 1293 2728 exercitationibus

156 2765 354 2830 interessem
379 2764 532 2830 Gothicis
548 2764 692 2843 Francis,
716 2764 980 2850 arohaeologicis
996 2767 1170 2832 Loesohke
1196 2767 1292 2831 beno-

158 2868 388 2933 volentissime
405 2875 653 2932 concesserunt.
681 2867 780 2932 Unde
797 2868 968 2950 profectus
984 2870 1187 2949 Berolinum,
1205 2873 1290 2950 quod

157 2971 344 3035 litterarum
379 2975 530 3034 centrum
565 2975 599 3034 ct
633 2971 755 3034 artium
780 2971 877 3035 valde
903 2991 954 3036 me
979 2973 1159 3050 alliciebat,
1184 2973 1292 3038 serios

157 3092 217 3138 sex
240 3092 372 3139 menses
407 3073 530 3138 scholis
564 3073 700 3136 interfui
723 3073 829 3153 Diels,
853 3075 993 3155 Heinne,
1018 3076 1127 3155 Helm,
1152 3075 1292 3155 Schbno,

158 3177 299 3256 Vahlen,
337 3196 365 3241 v.
384 3175 862 3254 Wilamowitnhloellendorff
882 3178 1136 3260 philologorum,
1163 3180 1293 3244 Kohlor

157 3281 317 3359 historici,
367 3280 501 3344 Kekule
540 3298 605 3342 von
644 3277 836 3344 Stradonitz
882 3283 1106 3365 arehaeologi,
1156 3282 1292 3366 Geiger,

156 3382 335 3466 Roediger,
371 3381 520 3448 Schmidt
554 3379 830 3463 germanicorum,
865 3383 1010 3462 Pisohel,
1046 3383 1134 3468 Sieg,
1172 3387 1293 3452 Weber

156 3487 379 3571 glotticorum,
418 3485 568 3564 Dessoir,
608 3485 746 3568 Doring,
784 3487 918 3565 llbnch,
963 3488 1121 3569 Paulson,
1163 3489 1295 3571 Stumpi

155 3590 440 3672 philosophorum.
486 3588 727 3653 Proseminarii
755 3595 791 3653 ut
820 3590 945 3655 sodalis
970 3610 1077 3656 essem
1102 3593 1293 3659 ordinarius

156 3699 279 3774 quater
301 3713 361 3758 sex
385 3711 517 3757 meuses
534 3691 673 3757 Dielesii
691 3699 724 3756 et
742 3693 998 3773 Wilamowitnii,
1022 3696 1105 3777 regii
1123 3696 1291 3761 seminarii

156 3817 218 3864 sex
251 3815 383 3862 menses
419 3794 706 3860 extraordinarius
735 3797 875 3861 Vahlcni
899 3798 1059 3863 beneficio
1082 3798 1207 3864 factum
1231 3807 1291 3864 est.

155 3901 211 3966 Ad
230 3901 486 3966 exercitationes
504 3899 546 3963 ab
563 3899 644 3980 ipsis
661 3899 834 3966 institutas
849 3901 1053 3966 admiserunt
1068 3921 1119 3966 me
1132 3904 1291 3968 archace-

155 4005 284 4089 logicas
307 4004 441 4068 Kchule
466 4023 495 4066 v.
514 4001 716 4080 Stradonitn,
740 4004 956 4069 sanseriticas
980 4005 1113 4069 Pisohel
1146 4011 1179 4069 ot
1202 4005 1290 4088 Sicg.

157 4107 287 4190 Quibus
326 4108 407 4171 viris
445 4106 597 4171 omnibus
636 4106 758 4186 optimc
797 4107 837 4172 de
871 4127 921 4171 me
958 4108 1094 4187 meritis,
1132 4108 1292 4188 imprimis

155 4211 319 4290 Dielesio,
343 4209 528 4274 studiorum
546 4209 680 4289 fautori,
705 4229 851 4275 summas
869 4230 932 4294 ago
949 4212 1078 4294 gratias
1095 4231 1292 4292 semperque

154 4315 190 4379 id
215 4332 325 4397 agam,
350 4318 386 4378 ut
410 4312 532 4376 talibus
558 4312 638 4377 uiris
663 4332 729 4376 nou
753 4314 853 4392 plano
876 4314 1033 4397 indignus
1057 4315 1182 4380 ridear.

243 4418 394 4481 Examen
420 4415 603 4497 rigorosum
629 4416 771 4480 sustinui
798 4435 826 4479 a.
845 4417 874 4480 d.
892 4418 969 4480 Xll.
988 4420 1065 4483 h'al.
1085 4420 1171 4496 Auo.
