2916 5004
516 403 731 462 ..39-

249 584 404 639 Macrobii.

55 689 123 740 fons
142 694 170 741 et
188 689 271 756 origo
292 704 495 741 numerorum.
523 687 596 739 haee

55 774 595 843 monasinifium¹)finisq11eomnium

56 875 155 926 neque
182 861 247 926 ipsa
273 861 418 927 principii
446 865 497 912 aut
525 860 596 912 flnis

56 945 183 1011 seiens2)
214 946 253 999 ad
282 962 433 1000 summum
468 948 597 999 refertur

58 1033 150 1084 deum
169 1033 293 1098 eiusque
312 1033 499 1085 intellectum
517 1047 533 1082 a
552 1046 596 1083 se·

58 1119 217 1185 quentium
257 1134 381 1171 numero
427 1133 528 1170 rerum
570 1121 599 1168 et

10 1226 16 1269 ,-
56 1209 237 1270 potestatum
267 1208 441 1271 sequestrat,
476 1218 531 1256 nec
565 1203 598 1254 in

10 1331 12 1339 .
55 1290 200 1343 inferiore
209 1294 275 1357 post
285 1291 376 1343 deum
385 1289 599 1356 gradufrustra

10 1366 13 1455 L
56 1391 124 1429 eam
143 1375 369 1430 desideraveris
393 1376 467 1427 haee
484 1376 537 1427 ille
556 1377 599 1426 est

10 1460 14 1477 ¹
55 1477 145 1514 mens
162 1479 199 1532 ex
211 1478 329 1514 summo
342 1465 428 1514 enata
442 1462 505 1526 deo,
525 1476 599 1528 quae

55 1549 141 1602 vices
162 1552 330 1615 temporum
343 1549 482 1602 nesciens
494 1548 527 1599 in
539 1562 600 1599 uno

55 1649 187 1714 semper,
220 1636 301 1702 quod
337 1635 429 1697 adest,
465 1633 601 1692 consist't

847 585 999 639 Anatolii.»

648 680 677 747 ἐξ
694 678 724 749 ἧς
744 687 904 742 πάντες...
923 683 964 739 tio*
986 687 1104 739 καλεῖται
1125 688 1192 757 γονή

649 770 695 836 ὕλη
714 767 782 826 οὖσα
799 776 853 826 τῶν
871 769 1000 844 ἀριθμῶν

682 940 797 998 ἐκάλουν
814 942 845 997 δὲ
863 943 946 1010 αὐτήν
968 946 994 997 οἱ
1010 945 1192 1015 Πυθαγόρειοι

649 1033 715 1084 νοῦν
739 1029 887 1093 εἰκάζοντες
912 1034 948 1105 τῷ
974 1030 1015 1084 ἑνὶ
1043 1025 1132 1096 αότήν,
1155 1033 1192 1102 τῷ

650 1118 734 1188 νοητῷ
753 1119 810 1188 θεῷ

54 1736 143 1785 aevu,
171 1736 300 1788 cumque
329 1724 429 1787 utpote
456 1735 597 1772 1111111111
669 1768 672 1773 .

54 1808 99 1880 sit
117 1807 183 1873 ipsa
200 1805 406 1870 numerabilis
425 1806 601 1857 innumeras

54 1883 160 1945 tamen
186 1908 331 1959 generum
359 1893 475 1958 speeies
506 1895 534 1943 et
565 1890 601 1942 de

54 1995 92 2032 se
114 1982 194 2030 creat
212 1982 240 2030 et
256 1980 336 2032 intra
354 1994 385 2032 se
406 1978 543 2029 continet.

95 2150 119 2215 Ι,
129 2151 179 2215 VI,
184 2150 226 2203 43.
236 2150 306 2203 item
317 2150 421 2202 nullus
431 2149 602 2215 sapientum

57 2236 192 2289 animam
215 2252 252 2288 ex
275 2236 463 2303 symphoniis
482 2249 601 2302 quoque

58 2323 187 2376 musicis
231 2322 399 2375 constitisse
443 2320 600 2374 dubitavit.

57 2410 140 2462 iuter
166 2409 220 2461 has
245 2424 306 2460 non
324 2423 435 2475 parvae
453 2408 601 2473 potentiae

41 2506 45 2518 '
58 2499 115 2560 est,
134 2510 209 2562 quae
222 2495 333 2547 dicitur
345 2492 390 2545 άιά
405 2495 509 2545 πασῶν.
529 2494 601 2545 haee

59 2584 176 2635 constat
203 2597 241 2634 ex
269 2581 396 2646 duabus
423 2581 455 2633 id
483 2583 527 2633 est
556 2577 600 2630 άια·

56 2667 196 2734 τεσσάρων
222 2671 252 2718 11
277 2664 322 2717 citri
341 2663 427 2731 πέντε,
451 2667 484 2718 111
502 2670 600 2718 autem

58 2751 105 2805 διά
123 2750 202 2805 πέντε
220 2769 257 2806 ex
276 2753 425 2817 hemiolio,
452 2755 481 2805 11
506 2749 601 2803 11111111

58 2839 196 2908 τεσσάρων
218 2855 257 2893 ex
276 2838 403 2905 epitrito,
427 2843 455 2890 et
478 2842 522 2891 est
539 2838 600 2905 pri·

60 2941 132 2979 mus.
156 2925 313 2978 hemiolius
340 2925 404 2989 tria,
432 2910 601 2990 etprimus

62 3011 201 3078 epitritus
229 3016 369 3079 quattuor
466 3025 536 3076 ergo
564 3025 602 3062 ex

60 3098 109 3150 his
131 3097 251 3150 duobus
272 3097 407 3150 numeris
427 3100 540 3149 constat
559 3092 602 3144 άιά

10 3190 20 3217 '³
59 3172 198 3252 τεσσάρων
216 3189 245 3238 11
263 3183 307 3234 άιά
326 3180 411 3254 πέντε.

99 3971 184 4038 LVI,
197 3970 236 4023 12.
273 3970 409 4022 senarius
446 3982 516 4020 vero

58 4059 198 4128 primum
290 4056 372 4108 solus
400 4071 438 4107 ex
466 4053 606 4105 omnibus

671 2152 737 2220 ,ng
755 2148 874 2222 3201’1'
895 2149 981 2217 μόνον
995 2146 1045 2222 δὲ
1058 2212 1059 2217 ¹
1074 2147 1120 2222 τόν
1144 2147 1196 2199 ,τοῦ

653 2236 774 2307 σώματος
785 2228 894 2309 ,ἐπέχει
919 2229 1000 2312 ,λόγον
1010 2226 1050 2287 Υέν
1069 2228 1197 2308 τίριόμοῖέ

652 2322 752 2393 τετράς,
770 2320 837 2374 ἀλλά
855 2320 902 2386 καί
919 2311 964 2372 τ’ὀν
980 2317 1138 2389 τῆσψυχῆς·
1162 2319 1197 2376 τίς

653 2410 708 2480 γάρ
735 2409 780 2462 τόν
809 2406 871 2460 ὅλον
899 2407 1001 2474 κόσμον
1031 2406 1101 2475 φασί
1129 2402 1196 2458 κατά

654 2496 789 2566 ἁρμονίαν
816 2493 983 2556 διοικεῖσθαι,
1012 2490 1080 2546 οὕτω
1104 2491 1150 2544 καί.
1168 2493 1196 2545 τό

654 2584 722 2653 ζῴον
748 2582 918 2650 ψαχοῦσάαι,
946 2578 1023 2632 δοκεῖ
1046 2577 1076 2631 δέ
1095 2576 1197 2634 τέλειος

654 2667 773 2738 ἁρμονία
799 2660 830 2720 ἐν
854 2663 920 2733 τρισὶ
939 2665 1111 2733 συμφωνίαις
1129 2664 1197 2734 ὑφε-

653 2754 754 2817 στάναι,
781 2754 813 2822 τῇ
830 2750 875 2803 (λιτὶ
894 2749 929 2814 δ’,
958 2747 1010 2814 ἥτις
1027 2744 1058 2804 ἐν
1075 2744 1197 2822 ἐπιτρίτῳ

653 2846 737 2892 κεῖται
753 2837 831 2908 λόγῳ,
859 2838 890 2905 τῇ
917 2835 962 2888 διά
985 2837 1010 2891 ε’
1028 2832 1059 2890 ἑν
1077 2836 1196 2908 ἡμιολίῳ,

653 2927 685 2995 τῇ
703 2923 747 2976 iiic?
766 2924 863 2976 πασῶν
880 2917 911 2975 ἐν
929 2921 1086 2977 διπλασίονι.
1114 2923 1198 2975 όντων

655 3009 686 3065 δέ
704 3006 833 3080 ἀριθμῶν
854 3007 988 3074 τεττάρων
1009 3009 1063 3059 τῶν
1085 3010 1199 3078 πρώτων

656 3096 683 3149 ω’
701 3096 729 3165 β’Ἰ
750 3095 778 3165 y'
802 3093 836 3158 δ’,
864 3087 895 3146 έν
921 3092 1016 3149 τούτοις
1042 3093 1088 3145 καὶ
1116 3094 1129 3158 ἧ
1156 3097 1199 3160 τῆς

656 3183 746 3251 ψυχῆς
781 3176 841 3233 ίόέο
872 3175 1025 3248 περιέχεται
1054 3180 1120 3232 κατά
1144 3181 1199 3233 ’τόν

655 3264 818 3337 ἐναρμόνιον
836 3265 923 3334 λόγον,
952 3264 966 3315 ό
992 3263 1045 3336 μέν
1064 3265 1090 3317 ὃ(
1108 3268 1154 3318 τοῦ
1171 3268 1199 3336 β’

656 3355 702 3406 καὶ
729 3353 742 3406 ὁ
769 3353 796 3421 β’
823 3353 868 3404 τοῦ
896 3350 923 3401 α’
952 3349 1096 3415 διπλάσιος,
1123 3347 1154 3404 ἑν
1176 3344 1199 3424 ᾦ

655 3447 740 3494 κεῖται
756 3438 770 3503 ἡ
790 3438 835 3490 διά
854 3438 950 3489 πασῶν
965 3432 1122 3508 συμφωνία,
1142 3437 1200 3491 όιλὲ

656 3527 684 3597 γ’
702 3527 747 3578 τοῦ
764 3524 791 3587 β’
812 3522 928 3590 ἡμιόλιος
954 3519 1092 3592 περιέχων
1120 3519 1200 3575 αὐτὸν

656 3612 702 3665 καί
728 3610 756 3663 τό
783 3608 862 3680 ἥμισυ
888 3610 936 3673 τήν
962 3608 1009 3660 διά
1036 3605 1114 3661 πέντε
1132 3626 1200 3677 σαμ-

657 3698 768 3768 φωνίαν
786 3695 937 3764 ὑποβάλλει,
967 3693 986 3746 οζ
1014 3692 1045 3746 όὲ
1063 3693 1090 3746 (λ’
1108 3697 1153 3747 τοῦ
1171 3697 1201 3765 γ’

656 3780 791 3852 ἐπίτριτος,
809 3776 841 3835 έν
859 3773 883 3853 ᾦ
900 3779 915 3843 ἡ
934 3780 979 3833 διά
998 3779 1025 3832 (λ’
1043 3781 1200 3850 συμφωνία.

692 3980 740 4032 pg.
749 3965 791 4016 34.
818 3959 880 4023 ἑξάς
897 3962 1001 4030 πρῶτος
1012 3959 1106 4018 τέλειος
1119 3963 1201 4032 ἀριθ-

657 4049 714 4117 μός.
741 4054 794 4103 τοῖς
820 4047 875 4117 γάρ
897 4046 975 4112 αὐτῆς
992 4045 1103 4120 μέρεσιν
1121 4046 1201 4116 άριά-

155 4248 172 4316 Ι)
190 4248 280 4300 Theo.
300 4261 348 4313 pg.
367 4247 409 4309 99,
419 4245 463 4298 24;
482 4242 568 4313 μονάς
587 4239 658 4311 άρχὴ
679 4240 787 4293 πάντων
805 4279 811 4294 .
826 4281 850 4292 ..

152 4333 173 4401 ²)
192 4332 300 4386 Confer
320 4331 452 4385 Ohaleid.
470 4347 520 4398 pg.
539 4330 596 4394 104,
607 4328 641 4380 24
652 4343 716 4395 sqq.
