2916 5004
518 367 732 426 ..37-

57 549 287 615 Hebraeorum
323 548 476 615 doctrina
510 550 677 630 explicata
703 550 821 614 mirum
846 569 947 630 quam
970 560 1068 617 acute
1090 557 1189 633 atque

55 651 294 736 intellegenter
315 652 422 719 addit:
447 652 564 735 „Quae
588 654 699 719 omnia
720 653 813 718 uobis
830 653 1009 720 adversum
1026 656 1190 737 Empedo-

56 755 131 821 clea
154 773 308 836 quoque
333 755 423 821 dieta
446 755 555 821 sunt‘.

75 868 78 874 '
143 860 205 942 Pg.
219 864 292 938 323,
305 864 346 924 28
362 859 580 925 inveniuntur
594 859 693 924 haec:
711 860 830 940 „Nunc
846 861 913 925 iam
928 858 1192 944 Pythagoricum

10 1020 12 1025 .
57 961 180 1045 dogma
201 967 429 1029 recenseatur.
476 963 661 1029 Numenius
689 982 730 1027 ex
754 964 970 1046 Pythagorae
997 963 1191 1046 magisterio

58 1064 246 1131 Stoicorum
268 1067 331 1131 hoc
354 1065 394 1130 dc
418 1066 521 1131 initiis
545 1066 666 1149 dogma
688 1066 846 1132 refellens
869 1068 1084 1151 Pythagorae
1111 1066 1193 1150 dog-

56 1166 168 1233 mate“
204 1173 266 1234 etc.
313 1170 365 1234 Ac
397 1170 538 1250 primum
574 1169 659 1235 mira
693 1172 744 1234 est
777 1169 837 1234 illa
866 1168 990 1235 tumide
1013 1169 1191 1235 inducendi

10 1295 17 1337 ;
56 1271 145 1336 ratio
158 1269 191 1353 ¹),
215 1291 283 1352 qua
306 1273 397 1338 nullo
421 1273 487 1338 alio
511 1273 582 1338 loco
606 1291 687 1338 usus
712 1277 765 1339 cst
787 1279 914 1351 auctor,
937 1279 1007 1338 tum
1030 1274 1190 1356 legentes

13 1454 15 1458 Α
57 1393 145 1454 quae
170 1376 316 1456 exponit,
345 1375 443 1441 lacile
470 1376 693 1460 intellegimus
718 1395 758 1441 ea
782 1376 914 1441 omnino
938 1377 1050 1442 aliena
1073 1395 1147 1442 esse
1172 1396 1192 1442 a

56 1479 297 1545 commentario
336 1479 376 1544 ad
416 1481 594 1545 Timaeum
627 1479 861 1561 explicandum
898 1480 1091 1561 composito,
1132 1479 1191 1545 sed

10 1605 14 1646 l
55 1585 194 1664 sumpta
217 1600 292 1649 esse
316 1602 334 1649 e
358 1583 442 1648 libro
474 1583 616 1664 quodam
640 1583 806 1663 Numenii,
841 1602 907 1664 quo
931 1582 1116 1649 Stoicorum
1151 1583 1191 1648 de

54 1685 201 1751 materia
233 1685 435 1752 indifferenti
470 1687 638 1751 sententia
661 1686 786 1752 aeriter
809 1687 1080 1769 impugnabatur,
1104 1685 1191 1767 quod

55 1788 199 1869 denique
233 1796 324 1855 recte
352 1809 413 1856 nos
434 1790 613 1876 collegisse
637 1789 848 1856 manifestum
872 1791 909 1855 tit
931 1791 1087 1855 Numenii
1110 1790 1192 1870 ipsis

56 1891 171 1956 verbis
194 1891 259 1977 (pg.
284 1892 417 1974 327,2):
454 1894 594 1974 „itaque
629 1893 656 1959 si
691 1894 773 1959 deus
808 1913 881 1959 eam
911 1894 1066 1975 correxit,
1090 1901 1131 1960 ut
1153 1894 1191 1958 in

54 1995 217 2062 Timaeo
241 1997 421 2078 loquitur
443 1997 597 2077 Plato“,
633 1997 753 2078 quippe
786 2017 803 2062 e
827 1992 946 2078 quibus
970 1999 1045 2063 lucc
1068 1997 1191 2063 clarius

55 2100 168 2164 elucet
185 2099 404 2182 Chalcidium,
423 2108 459 2166 ut
475 2101 585 2168 solent
601 2101 847 2183 compilatores,
864 2120 905 2167 ea
920 2100 1192 2182 transsumpsisse

54 2222 126 2268 uon
163 2203 439 2285 considerantem,
478 2205 639 2286 quomodo
676 2205 735 2271 illa
780 2204 997 2286 temperando
1038 2204 1195 2269 redderet

54 2306 179 2373 idonea
212 2307 254 2373 ad
289 2326 385 2375 suum
419 2306 669 2390 propositum2).
718 2307 813 2388 Quae
848 2313 982 2388 praeter
1011 2308 1096 2372 haec
1118 2326 1192 2386 per·

22 2415 26 2421 ’
54 2429 168 2493 pauca
190 2430 207 2476 e
232 2430 295 2477 sua
316 2412 504 2477 litterarum
527 2412 624 2493 copia
646 2430 894 2492 nonnumquam
918 2429 1036 2491 parum
1051 2410 1194 2476 feliciter

55 2518 109 2594 tut
131 2533 185 2598 pg.
210 2519 283 2596 297,
298 2513 351 2597 19)
375 2514 503 2581 addidit
524 2515 727 2595 Chalcidius
753 2514 875 2579 afferre
897 2514 1136 2595 praetermitto⁴

36 2673 39 2678 ,
144 2618 277 2699 Restat,
310 2622 349 2685 ut
383 2618 481 2684 etiam
517 2619 557 2684 de
580 2619 632 2700 iis,
656 2638 743 2700 quae
767 2636 903 2684 causam
929 2637 1113 2698 ausamque
1136 2618 1191 2683 de-

56 2721 181 2787 derunt
203 2722 303 2788 huius
327 2722 578 2803 disquisitionis,
612 2723 643 2787 id
670 2722 792 2800 estiis,
828 2741 914 2802 quae
941 2722 1068 2802 profert
1092 2720 1191 2787 Chal·

57 2823 165 2890 cidius
188 2824 229 2890 de
253 2830 329 2891 ortu
353 2827 485 2892 animae
509 2826 575 2910 (pg.
593 2824 755 2908 91—106)
779 2832 812 2890 et
833 2831 1013 2907 praeterea
1036 2826 1075 2891 de
1099 2825 1191 2909 geni·

56 2932 135 2993 tura
169 2928 282 2993 mundi
314 2940 381 3014 (pg.
407 2930 556 3010 74-91),
591 2949 701 3010 pauca
724 2930 854 3011 loquar.
899 2928 1014 3010 Atque
1039 2948 1080 2994 ea
1102 2947 1192 3009 pam,

58 3049 144 3112 quae
168 3038 218 3097 est
242 3032 282 3097 de
307 3039 383 3098 ortu
407 3034 548 3114 animae,
572 3038 639 3098 tam
665 3038 737 3098 arte
761 3034 919 3097 cohaeret
939 3052 1013 3097 cum
1030 3033 1081 3114 iis,
1105 3051 1192 3113 quae

57 3134 200 3200 Adrasti
235 3155 309 3203 esse
345 3136 442 3202 docet
465 3138 566 3216 Theo,
602 3143 639 3201 ut
669 3136 877 3202 nullomodo
901 3136 1006 3216 possit
1030 3135 1192 3215 separari,

58 3243 92 3304 et
125 3237 264 3321 insuper
285 3240 492 3306 Adrasteam
526 3241 580 3306 hic
609 3241 703 3306 reddi
728 3238 916 3321 explicandi
939 3239 1104 3305 rationem
1126 3239 1192 3302 iam

58 3341 182 3407 dudum
206 3344 319 3409 Procli
354 3344 494 3424 quodam
531 3344 603 3409 loeo
638 3344 737 3410 nixus
768 3343 1011 3409 demonstravit
1033 3339 1191 3423 Hiller³);

148 3514 164 3580 ¹)
184 3513 240 3567 Oui
259 3515 398 3579 concinit,
418 3514 498 3582 quod
516 3515 549 3567 iu
567 3515 623 3568 huc
641 3513 729 3566 bravi
748 3514 959 3566 dissertatione
972 3518 1017 3566 tor
1030 3512 1193 3565 advocatur

58 3600 203 3652 Numenii
221 3601 388 3654 auctoritas.
418 3601 547 3654 Videtur
567 3600 738 3654 Chalcidius
757 3616 818 3652 non
836 3615 925 3666 posse
944 3600 1003 3653 sibi
1022 3599 1192 3650 satisfacere

57 3687 91 3738 in
109 3687 296 3752 ostentando,
324 3702 414 3754 quam
440 3688 617 3755 gravissima
644 3687 705 3739 sint
726 3686 805 3749 haee,
834 3686 950 3739 scilicet
969 3701 1045 3752 quaa
1063 3685 1128 3750 ipse
1146 3685 1191 3736 in-

59 3773 189 3840 dagavit.
358 3823 368 3848 0

144 3857 165 3926 2)
182 3860 281 3912 Etiam
308 3876 350 3926 ea,
379 3876 453 3927 quaa
482 3876 563 3926 capp.
585 3859 718 3912 100-101
747 3857 807 3925 (pg.
826 3857 1078 3922 328,12-329‚24)
1100 3858 1191 3909 conti·

58 3948 179 4008 nentur,
198 3947 347 3998 Numanio
366 3946 515 3998 adiudieO.
550 3948 627 3998 Nam
644 3946 677 3997 in
695 3945 743 3997 his
763 3959 882 4011 quoque
900 3943 1052 3995 beneficae
1074 3942 1192 3996 divinae

58 4036 88 4084 at
114 4032 263 4098 malignae
290 4033 438 4084 silvestris
466 4032 632 4083 animarum
660 4032 692 4083 flt
724 4030 845 4094 mentio,
877 4045 952 4096 quae
983 4029 1119 4080 doctrina
1150 4034 1194 4082 est

58 4118 212 4182 Numenii,
230 4121 386 4183 praeterea
403 4119 436 4168 in
455 4117 509 4170 hae
522 4121 605 4184 parte
620 4118 683 4169 sola
696 4117 827 4169 occurrit
839 4130 948 4167 nomen
961 4113 1192 4168 Platonicorum.

144 4202 240 4270 3111.
277 4203 391 4266 Quodsi
417 4203 451 4254 in
478 4203 532 4254 hac
552 4202 699 4255 Chalcidii
727 4201 928 4267 disputatione
952 4199 1107 4251 invenitur
1125 4217 1191 4267 pro-

57 4290 243 4344 nuntiatum:
273 4290 375 4354 „Quod
403 4288 434 4339 in
463 4290 518 4340 hoe
546 4289 607 4341 solo
634 4288 712 4340 libro
738 4290 835 4341 facere
854 4285 1116 4339 animadvertitur*⁴
1137 4292 1192 4338 etc.
