2916 5004
629 392 822 452 ..3-

159 580 389 657 conectuntur,
424 577 471 641 ita
506 579 543 641 ut
576 576 682 656 primo
717 576 834 642 obtutu
865 577 996 659 ,cogites
1019 575 1060 640 de
1084 577 1228 658 epitoma
1251 596 1293 642 ex

159 679 285 746 maiore
319 680 402 745 libro
437 680 631 761 composita.
678 679 752 761 Quo
787 680 944 746 consilio?
991 681 1037 746 Ut
1069 681 1296 746 instrueretur

158 783 321 866 vulgusi.
346 782 443 864 Quod
467 784 642 863 quominus
667 783 823 864 affirmes,
857 782 993 863 impedit
1024 783 1184 850 orationis
1208 783 1294 849 ratio

159 906 200 952 ac
222 886 387 952 formatio.
432 887 604 953 Nonnulla
638 887 725 952 enim
755 891 931 968 tantopere
953 887 988 951 in
1013 891 1192 970 angustum
1216 892 1296 952 sunt

158 993 288 1071 coacta,
323 995 358 1055 ut
381 990 444 1055 nisi
468 991 524 1070 qui
548 990 588 1056 de
612 990 738 1056 talibus
762 990 863 1057 rebus
886 990 1071 1056 instructus
1095 995 1147 1057 est
1170 995 1229 1056 aut
1252 992 1295 1056 ab

158 1093 270 1174 aliquo
294 1093 375 1158 viva
397 1113 479 1160 voce
503 1093 544 1158 de
568 1094 708 1177 singulis
733 1094 901 1174 edocetur,
926 1113 1021 1159 nemo
1045 1112 1088 1160 ea
1109 1094 1293 1178 intellegat.

158 1198 202 1262 ut
225 1197 288 1264 hoc
310 1196 402 1264 ducit
424 1216 485 1262 nos
501 1197 536 1262 in
552 1197 660 1262 viam.⁴
687 1197 917 1263 Recordemur
932 1197 1128 1263 Anatolium
1143 1198 1294 1263 Alexan-

157 1299 252 1367 driae
286 1301 517 1382 philosophiae
553 1300 697 1367 doctoris
732 1321 868 1367 munere
903 1301 1050 1366 functum
1075 1320 1159 1368 esse.
1206 1301 1294 1383 Quid

158 1404 394 1484 consequitur?
439 1404 511 1470 Aut
545 1404 606 1470 sibi
640 1405 706 1487 ipsi
736 1405 923 1485 composuit
947 1409 1065 1470 auctor
1087 1407 1293 1486 opusculum,

158 1511 197 1572 ut
229 1507 369 1572 haberet
402 1508 437 1572 in
472 1507 666 1574 disserendo
701 1509 881 1575 memoriae
916 1508 1111 1588 subsidium,
1147 1508 1293 1575 01111110-

158 1610 288 1692 cipulis,
311 1616 348 1675 ut
370 1611 473 1677 breve
497 1615 587 1678 esset
610 1612 843 1692 compendium
870 1631 981 1678 rerum
1004 1611 1111 1678 fusius
1135 1632 1156 1678 a
1178 1631 1214 1678 se
1238 1633 1293 1678 ex-

158 1713 368 1795 plicatarum,
393 1719 452 1779 aut
474 1713 617 1797 denique
642 1734 727 1781 unus
751 1735 792 1781 011
815 1715 997 1796 discipulis,
1028 1735 1115 1798 quae
1140 1715 1294 1782 audierat

157 1817 356 1901 magistrum
380 1817 610 1899 disserentem,
635 1820 802 1903 congessit
817 1823 1002 1901 posteaque
1020 1819 1133 1900 edidit,
1155 1820 1189 1885 id
1205 1821 1293 1902 quod

156 1920 292 2003 saepius
326 1916 450 1987 factum
485 1919 560 1988 esse
593 1922 659 1988 illis
695 1923 900 2005 temporibus
933 1923 1021 1989 inter
1055 1923 1145 1989 viros
1176 1923 1293 1990 doctos

156 2027 299 2090 constat.
346 2023 495 2105 Quarum
530 2026 760 2092 condicionum
795 2026 915 2107 media,
950 2045 1036 2107 quae
1072 2026 1172 2095 etiarn
1204 2026 1294 2093 cadit

157 2127 190 2192 in
226 2129 404 2209 plerosque
429 2129 624 2196 Aristotelis
658 2129 771 2211 libros,
806 2131 948 2196 maxime
982 2130 1110 2195 arridet
1144 2150 1184 2196 ac
1215 2131 1293 2196 mihi

159 2231 290 2312 quidem
313 2233 484 2314 probatur.
531 2234 607 2299 Hac
642 2234 727 2300 enim
764 2241 937 2315 assumpta
959 2235 1072 2300 statim
1097 2253 1164 2299 non
1187 2236 1293 2322 solum

157 2338 262 2416 patet,
285 2354 346 2401 cur
368 2340 544 2416 tantopere
568 2336 612 2402 sit
634 2337 832 2403 circumcisa
854 2337 972 2416 oratio,
1000 2342 1037 2402 ut
1059 2338 1166 2403 omnis
1182 2358 1293 2404 rerum

159 2438 376 2503 continuatio
390 2438 563 2521 seriesque
587 2438 705 2506 deesse
729 2439 896 2520 videatur,
930 2439 987 2506 sed
1013 2440 1114 2505 etiam
1137 2442 1222 2507 mira
1244 2443 1293 2507 in-

160 2539 299 2606 ducendi
346 2546 500 2607 auctores
545 2543 633 2607 ratio
670 2543 887 2629 intellegitur,
925 2548 962 2608 ut
999 2540 1053 2624 (de
1088 2542 1293 2628 septenario)

163 2641 399 2725 Ἡράκλειτος·
424 2644 514 2710 κατὰ
528 2643 632 2727 λόγον
653 2651 716 2712 etc.
745 2645 991 2730 Ἱπποκράτης·
1015 2646 1106 2711 ἑπτά
1121 2648 1206 2711 εἰσιν
1229 2652 1292 2733 etc.

158 2745 213 2827 (de
237 2747 432 2829 novenario)
456 2749 514 2812 καὶ
536 2746 712 2832 Ὅμηρος·
736 2747 924 2815 0111111110
948 2757 1025 2816 010.;
1050 2750 1188 2832 scilicet,
1205 2770 1292 2832 quae

159 2850 279 2915 desunt
314 2850 355 2916 ad
392 2852 588 2918 vinciendas
622 2853 818 2933 sententias,
849 2858 968 2919 auctor
990 2853 1071 2919 riva
1093 2872 1175 2919 voce
1200 2853 1292 2919 addi-

159 2954 266 3018 derat.
302 2955 503 3020 Mentionem
528 2954 606 3021 lecit
628 2956 733 3021 libelli
748 2956 885 3037 primus,
909 2956 1027 3022 utiam
1045 2956 1123 3037 dixi,
1145 2960 1292 3024 tortasse

160 3055 373 3140 1111εο111101),
407 3058 524 3124 deinde
559 3061 725 3141 excerpsit
760 3079 835 3125 eum
870 3060 1029 3146 etoperi
1063 3079 1124 3125 suo
1151 3060 1293 3127 inseruit

160 3167 278 3226 auctor
311 3161 396 3241 libri,
431 3163 487 3244 qui
522 3163 583 3229 sub
618 3165 713 3230 titulo
737 3165 1082 3247 Theologumenorum
1108 3164 1290 3230 arithmeti-

159 3262 307 3348 corum2)
342 3265 384 3332 ad
419 3286 480 3333 nos
514 3267 675 3348 pervenit,
710 3273 778 3334 tum
803 3267 973 3352 Georgius
996 3268 1098 3332 Valla
1130 3271 1233 3333 totum
1256 3267 1291 3333 in

245 3452 263 3519 ¹)
281 3453 385 3506 eccles
405 3453 471 3507 hist.
490 3455 659 3520 meane.
769 3518 772 3527 f

243 3538 266 3606 2)
286 3539 379 3593 0111110
405 3540 478 3593 libri
505 3541 667 3594 maximam
694 3545 817 3609 partem,
844 3557 906 3594 non
929 3542 1027 3594 solum
1046 3557 1088 3607 ea,
1107 3557 1184 3608 quae
1201 3542 1290 3595 Nico·

157 3626 257 3678 machi
282 3641 392 3679 nomen
419 3643 492 3693 prae
519 3643 550 3681 se
577 3629 688 3693 ierunt,
707 3644 745 3681 ex
764 3627 937 3680 Nicomachi
956 3643 1046 3694 opere
1065 3631 1206 3694 excerpta
1225 3644 1291 3682 esse

159 3710 243 3764 facile
262 3712 389 3777 videbiS,
408 3729 478 3766 cum
496 3730 566 3767 eum
583 3714 804 3781 comparaveris
824 3730 893 3766 cum
912 3714 963 3778 eis,
987 3729 1064 3781 quae
1083 3729 1099 3766 0
1115 3715 1291 3769 Nicomachi

158 3796 235 3849 libro
254 3798 342 3850 nohis
361 3800 492 3852 servavit
510 3800 635 3853 Photius
653 3801 731 3868 (187).
759 3802 836 3853 Nam
853 3815 922 3852 cum
941 3800 1014 3852 ordo
1033 3801 1195 3866 nominum,
1214 3818 1290 3869 quae

158 3883 286 3949 singulis
313 3886 448 3938 numeris
475 3887 615 3953 imposita
642 3891 721 3952 sunt,
747 3888 780 3939 in
807 3891 936 3954 utroque
961 3886 1040 3940 libro
1062 3887 1095 3939 in
1113 3889 1290 3943 universum

158 3969 239 4022 idem
267 3975 319 4033 est,
345 3973 410 4023 tum
436 3973 526 4037 plena
553 3973 698 4039 quaedam
717 3973 869 4026 enuntiata
886 3974 919 4024 in
936 3976 1065 4039 utroque
1083 3972 1290 4029 inveniuntur.

157 4057 204 4107 Ex
222 4057 326 4108 multis
344 4057 432 4122 posui
449 4072 556 4123 pauca:
585 4059 686 4111 Theol.
706 4059 822 4111 arithm.
843 4056 892 4126 p'g.
914 4058 979 4122 14‚2
1007 4055 1112 4126 ἧτριιὶς
1131 4057 1161 4112 δὲ
1178 4059 1225 4123 τήν
1240 4081 1288 4131 μο-

157 4141 238 4196 νάδος
264 4140 382 4211 δύναμιν
407 4143 445 4197 εἰς
470 4140 613 4212 ἐνέργειαν
638 4142 684 4196 καὶ
710 4141 853 4197 inimum
878 4149 1035 4212 προχωρεῖν
1056 4151 1191 4199 ποιεῖ
1209 4147 1288 4201 idem

157 4229 249 4282 habes
262 4228 342 4294 apud
356 4230 503 4283 Photium.
530 4231 631 4283 Theol.
642 4231 758 4284 arithm.
768 4246 818 4298 pg.
828 4231 870 4295 34,
880 4231 914 4283 25
932 4227 1003 4286 eidos
1022 4223 1071 4284 οὖν
1088 4231 1176 4286 εἴδους
1188 4232 1236 4284 οῦν
1250 4277 1254 4286 ,
1267 4274 1289 4286 ..

157 4314 239 4383 (παρὸ
257 4311 329 4383 dicis)
348 4315 472 4369 Photius
490 4317 579 4370 idem.
610 4315 669 4370 Sed
682 4320 781 4370 tamen
794 4332 855 4370 non
868 4319 968 4371 omnia
987 4320 1058 4370 sunt
1075 4319 1233 4372 referenda
1252 4321 1289 4371 ad

1155 4403 1183 4458 l*
