2916 5004
620 357 835 417 ..52-

268 539 417 593 Martiani.
661 539 795 592 Favonii.
1038 537 1203 591 Macrobii.

162 643 209 703 rit,
238 643 309 694 lieet
345 643 409 696 eius
443 643 521 695 linea
934 640 1011 708 (soil.
1024 640 1168 708 monade)
1190 641 1225 693 in
1244 656 1303 692 cor·

161 726 335 780 insecabilis
378 743 411 780 ae
456 728 522 781 siue
935 727 1017 794 poris
1035 725 1257 794 intellegibilis
1273 726 1303 777 li-

164 812 333 864 latitudinis
348 813 521 880 significati·
936 829 1023 866 neam
1040 813 1143 880 prima
1168 811 1304 865 defluxit

163 913 218 951 one
228 897 380 964 fundatur,
394 898 522 965 dyadem

163 989 263 1052 tamen
281 985 359 1037 facit.
970 987 1055 1039 Anat
1073 1001 1123 1052 pg.
1144 985 1193 1039 30.
1242 983 1305 1052 μετα·

222 1075 224 1080 ’
935 1076 1047 1139 σημεῖον
1058 1068 1200 1140 γραμμήν
1208 1067 1306 1130 ἔδειξεν

343 1171 420 1224 quae
440 1158 522 1225 dyas,
1002 1152 1048 1206 καὶ
1071 1154 1160 1216 δόξαν
1184 1152 1217 1207 δὲ
1241 1153 1305 1206 ὠνό-

163 1243 243 1313 quod
270 1244 310 1296 sit
336 1243 434 1309 prima
454 1258 521 1309 pro·
935 1245 1030 1310 μαζον,
1050 1238 1087 1292 ὅτι
1105 1236 1247 1304 runata
1264 1239 1305 1292 καὶ

163 1329 272 1381 creatio
312 1345 328 1381 a
370 1329 523 1382 nonnullis
936 1325 1036 1389 ψεῦδος
1049 1321 1081 1380 ἐν
1095 1325 1199 1396 ditm).
1215 1325 1305 1380 ἔτικαὶ

163 1415 284 1483 genesis
303 1415 383 1468 dieta
937 1411 1032 1476 ταύτην
1051 1409 1172 1466 ἐκάλουν
1193 1413 1304 1477 κίνησιν,

197 1501 361 1568 eademque
389 1501 523 1566 societas
584 1517 633 1568 pg.
652 1500 727 1565 225.
757 1504 909 1556 Numerus
937 1496 1043 1567 γένεσιν
1070 1499 1240 1567 μεταβολήν,
1270 1500 1304 1551 δι-

163 1587 244 1654 quod
274 1587 430 1640 vinculum
464 1602 523 1653 quo
551 1590 595 1640 est
613 1589 763 1653 quantitas
786 1605 909 1657 congre·
937 1585 1048 1654 αἰρεσιν,
1066 1587 1161 1652 μῆκος,
1188 1585 1302 1650 αὔξησιν,

161 1674 262 1726 media
308 1676 523 1726 connectantur
550 1673 669 1741 gabius,
691 1689 708 1725 a
727 1673 846 1727 duobus
864 1674 909 1726 in·
937 1671 1102 1722 κοινωνίαν,
1117 1711 1146 1725 ..

160 1759 307 1812 habeatur
370 1758 523 1823 utrimque
550 1759 639 1812 itium
657 1773 789 1812 sumens,

164 1860 330 1898 commune.
349 1843 522 1897 abhaenu·
584 1862 633 1913 pg.
651 1847 676 1910 3,
686 1845 727 1898 32.
762 1846 842 1912 Dyas
861 1861 909 1897 re·
972 1843 1038 1898 δυάς
1056 1840 1129 1911 ἀρχῆ
1150 1839 1286 1913 ἀριθμοῦ.

162 1945 264 1984 merus
293 1929 464 1997 auspicatur
496 1933 524 1982 et
550 1949 592 1997 ro,
615 1937 648 1985 ut
674 1932 806 1998 theologi
832 1947 909 1985 asse·
971 1928 1243 1995 Maerob.I‚Vl,l8.
1257 1931 1304 1997 dy·

163 2019 208 2068 est
235 2015 395 2082 opinabilis
419 2031 522 2080 eorpo-
550 2023 629 2083 runt‚
657 2016 838 2083 seeundus2)
866 2022 911 2070 est
937 2032 978 2081 as,
998 2016 1068 2083 quia
1085 2018 1157 2081 post
1178 2017 1307 2069 monada

162 2102 236 2155 ratio
255 2106 414 2168 motusque
431 2101 523 2168 primi
550 2108 656 2156 motus,
692 2104 812 2155 Primus
830 2104 910 2156 enim
937 2102 1035 2169 prime
1053 2105 1105 2166 est,
1124 2101 1254 2168 primus
1267 2108 1307 2156 est

162 2187 402 2255 probamentum.
550 2193 647 2242 motus
665 2190 697 2242 in
714 2189 840 2242 monade
852 2193 909 2242 sta·
938 2201 1090 2240 numerus.

548 2275 621 2329 bilis
639 2279 668 2328 et
685 2276 859 2340 consistens
878 2276 910 2328 in

550 2361 677 2429 dyadem
712 2363 795 2414 velut
831 2361 910 2414 foras

416 2493 419 2500 .
456 2493 458 2497 1
549 2446 706 2515 egreditur
791 2447 838 2499 Ab
853 2447 910 2499 hoo
972 2446 1183 2512 Anat.pg.30.
1204 2445 1309 2516 ἔχειτὰ

549 2548 675 2586 numero
702 2532 835 2585 mundus
859 2547 909 2598 ap·
938 2525 1072 2600 ἀνάλογον
1106 2531 1138 2599 τῇ
1175 2528 1228 2602 ὕλῃ
1267 2531 1310 2586 καὶ

549 2619 650 2686 paruit
671 2622 771 2671 mente
794 2634 827 2670 ae
849 2633 909 2670 ma·
938 2616 1017 2670 παντὶ
1036 2613 1170 2688 αἰσθητῷ.

550 2705 633 2768 teria,
679 2719 755 2770 quae
781 2704 911 2768 ‘Graece

550 2790 661 2843 dieitur
680 2787 737 2854 ὕλη,
757 2794 909 2843 construe·

549 2881 606 2929 tue.

138 3026 142 3033 ’
249 3034 315 3100 Sed
349 3034 504 3115 quoniam
538 3033 801 3099 transscribendi
835 3033 912 3099 mihi
941 3038 1054 3098 essent
1077 3033 1141 3098 toti
1166 3035 1262 3116 libri,
1284 3037 1309 3104 si

163 3137 274 3203 omnia
308 3136 426 3202 vellem
460 3156 596 3218 ponere,
631 3156 717 3218 quoe
753 3138 852 3218 plene
887 3140 1077 3220 congruunt
1099 3138 1158 3202 vel
1184 3141 1310 3207 similia

163 3241 297 3306 suntin
320 3241 442 3323 ueteris
467 3241 614 3306 numeris
637 3241 804 3321 tractetis,
832 3241 872 3305 de
896 3239 1104 3324 gravissimis
1131 3247 1309 3312 nonnullis

162 3350 292 3409 tentum
317 3344 468 3423 monebo,
493 3349 607 3409 cetera
629 3345 789 3408 omittam.

207 3499 293 3552 Mart.
311 3513 360 3564 pg.
379 3496 473 3561 ates
593 3499 705 3550 Favon.
724 3513 773 3564 pg.
791 3499 816 3562 4,
829 3498 867 3550 le.
995 3497 1112 3549 Anatol.
1133 3513 1189 3567 pg.
1209 3501 1258 3557 31.

197 3601 281 3653 Trias
325 3616 397 3653 vero
439 3601 521 3666 prin·
586 3601 646 3654 Sed
687 3601 757 3653 trias
793 3593 911 3667 primus
972 3598 1045 3668 roccis
1130 3603 1250 3671 πρῶτός
1263 3601 1311 3660 ἐστι

162 3702 232 3753 eeps
251 3687 405 3753 inparium
417 3701 522 3738 nume·
551 3690 595 3738 est
613 3690 700 3751 totus,
720 3686 800 3752 qued
821 3685 1072 3755 habetneotooie·
1102 3686 1238 3744 καλεῖται
1271 3691 1311 3746 lo‘

162 3789 214 3825 rus
227 3775 441 3839 perfectusque
455 3788 522 3824 een·
550 3780 578 3824 et
596 3773 730 3824 medium
923 3768 1020 3837 [tritor
1037 3769 1142 3838 τέλειος,
1168 3772 1216 3829 ὅτι
1240 3780 1312 3848 πρώ-

249 3929 267 3998 ¹)
286 3929 373 3981 Alex.
391 3928 424 3979 in
443 3928 571 3994 Metaph.
590 3944 639 3994 pg.
655 3929 696 3992 39,
709 3928 740 3980 16
759 3927 921 3993 llayduok:
944 3927 1026 3990 δόξαν
1043 3923 1075 3981 δὲ
1090 3927 1124 3980 ra*
1144 3929 1203 3984 δύο
1225 3934 1273 3987 clad
1289 3934 1313 3988 ri

160 4011 202 4071 ἐπ’
223 4014 308 4083 ἄμφω
326 4012 489 4084 μεταβλητήν
507 4009 590 4066 εἶναι·
610 4012 703 4081 ἔλεγον
720 4010 751 4065 δὲ
769 4011 814 4064 καὶ
833 4013 937 4076 κίνησιν
955 4009 1103 4077 αὐτήνκαὶ
1121 4008 1273 4076 ἐπίθεσιν.

247 4101 269 4169 2)
289 4099 458 4153 Levissima
477 4098 689 4167 discrepantia,
717 4116 786 4152 oum
810 4105 909 4153 motus
928 4100 1045 4153 stabilis
1064 4103 1195 4160 nonsit
1215 4112 1313 4161 motus

162 4202 291 4240 revera.
329 4188 391 4239 Aut
408 4186 512 4251 Varro,
540 4191 574 4239 ut
593 4186 721 4250 videtur,
749 4191 908 4255 utramque
925 4187 1092 4254 protulerat
1111 4194 1313 4259 sententiam,

162 4278 213 4326 out
230 4272 383 4326 Favonius
402 4287 463 4324 non
481 4276 562 4324 recte
580 4272 737 4325 intellexit.
