2916 5004
438 382 652 464 ..45-

314 688 398 768 VI.
432 688 502 768 De
531 689 769 770 Varrone.

138 860 196 942 ria,
231 882 317 942 quae
353 864 463 930 adlruo
485 866 716 943 tractavimus,
751 867 885 946 scripta,
914 886 977 931 non
1003 867 1110 932 solum

143 965 204 1029 sed
229 967 328 1030 etiam
353 968 478 1031 Latina
508 987 525 1031 e
550 969 693 1034 GraeeIs
718 970 865 1034 lontibus
890 971 1012 1034 hausta
1036 989 1111 1036 esse

175 1070 274 1134 Nune
308 1072 374 1134 iam
406 1072 556 1137 venimus
581 1072 623 1136 ad
648 1073 731 1136 alios
756 1073 935 1153 scriptores
960 1074 1111 1154 Latinos

138 1188 184 1235 am
219 1173 251 1237 in
289 1175 492 1254 exponendis
530 1175 629 1240 robus
669 1195 731 1240 non
768 1175 919 1241 Graecos
956 1177 1112 1241 adierunt

154 1276 213 1340 sed
231 1277 382 1355 Latinos,
401 1278 474 1343 (lieo
491 1278 648 1359 Gellium,
665 1279 896 1357 Censorinum,
913 1280 1110 1359 Favonium,
1148 1281 1150 1286 “

137 1396 179 1441 tm
205 1378 387 1459 Capellam.
424 1382 538 1460 Atque
556 1381 701 1446 Gellium
725 1382 844 1461 omnia,
869 1401 954 1462 quae
978 1381 1113 1446 exhibet

144 1487 195 1546 20.
221 1483 284 1560 Hi,
299 1489 347 1547 10.
373 1485 501 1564 XVIII,
517 1482 579 1566 14),
605 1486 748 1549 Varroni
784 1486 939 1550 debuisse
972 1491 1009 1575 CI
1038 1487 1111 1565 ipse

138 1588 160 1648 et
182 1585 339 1650 facillime
364 1588 470 1651 evinoi
487 1593 598 1668 potest
612 1586 642 1667 1),
671 1607 777 1668 neque
795 1589 893 1652 alitor
909 1588 1111 1654 censendum

138 1688 217 1752 nini
243 1689 316 1754 libri
341 1708 435 1770 eapp.
461 1697 576 1769 4-15‚
607 1690 639 1754 in
665 1691 785 1770 quilius
809 1693 933 1772 passim
959 1682 1112 1771 dispersa

171 1793 212 1857 (lo
249 1795 392 1859 numeris
428 1813 608 1874 eorumque
643 1794 827 1858 rationibus
863 1792 1110 1878 enarrantnr2).

138 1911 188 1958 am
226 1915 289 1960 non
320 1897 403 1961 adeo
427 1896 566 1976 simplex
590 1901 648 1961 aut
670 1897 847 1978 perspicua
871 1903 923 1963 est
947 1898 1110 1978 quaestio,

138 2016 184 2062 tm
203 2001 383 2079 sumpserit
400 2001 510 2080 operis
527 2001 579 2066 sui
595 2000 714 2065 librum
732 2001 809 2080 VH,
837 2000 870 2064 in
889 2020 954 2080 quo
971 2001 1112 2066 eandem

138 2120 162 2166 n
186 2103 383 2182 reperimus,
408 2103 597 2169 Martianus
623 2102 771 2183 (lapella,
807 2109 919 2168 tamen
948 2105 1032 2170 satis
1057 2123 1111 2169 ao·
1185 2154 1187 2158 Α

141 2223 204 2269 am
239 2206 398 2271 enodavit
419 2206 750 2288 Eyssenliardtius³)‚
786 2207 843 2288 qui
870 2207 1112 2272 demonstravit

138 2327 171 2372 11
196 2310 290 2374 illum
315 2310 433 2374 librum
457 2308 593 2374 lluuisse
618 2330 658 2373 ex
683 2310 796 2374 eodem
817 2311 979 2376 Varrone.
1015 2309 1111 2392 Quae

138 2414 347 2490 probandam
383 2415 470 2477 hano
504 2414 702 2477 sententiam
739 2415 772 2477 in
808 2432 903 2478 usum
936 2415 1049 2494 traxit,
1084 2415 1111 2480 si

155 2516 215 2581 tibi
247 2517 427 2595 sufficiant,
452 2515 604 2580 conferas
627 2524 763 2596 praeter
786 2516 887 2582 Gellii
911 2518 1004 2583 looos
1028 2537 1111 2598 quos

149 2619 160 2680 i
166 2621 240 2685 eavi
258 2622 356 2685 etiam
372 2618 600 2697 Censorinum,
614 2618 766 2684 Servium
780 2616 835 2700 (ad
850 2620 922 2684 buo.
938 2621 1033 2699 VIII,
1046 2617 1126 2703 75),7

143 2740 204 2788 um
228 2722 378 2805 (Quaest.
396 2723 427 2785 in
444 2722 549 2786 uren.
566 2721 620 2786 lib.
639 2721 675 2786 H
691 2722 741 2786 ed.
761 2721 884 2787 Bened.
902 2724 929 2800 Ι,
946 2724 1011 2802 ΙΙΙ,
1023 2722 1111 2804 455),

138 2843 158 2886 2]
186 2825 264 2908 (Ill,
278 2826 341 2906 38).

150 2931 256 2994 veni0
280 2930 322 2994 ad
340 2927 537 3007 Favonium,
562 2947 659 3008 quem
684 2935 716 2992 et
736 2928 846 3009 ipsum
862 2930 994 2994 Latinis
1012 2930 1117 3012 lonti-¹

138 3031 212 3099 rlos
230 3052 310 3098 suos
327 3033 486 3114 irrigasse
503 3049 605 3111 supra
622 3031 799 3097 affirmavi.
841 3034 952 3113 Atque
969 3033 1110 3113 primum

138 3135 438 3201 ‘sertatiunoulam
475 3135 563 3197 inter
586 3139 616 3197 et
642 3134 804 3199 Macrobii
828 3135 967 3200 similem
992 3137 1111 3201 librum

138 3240 311 3305 areedere
336 3237 601 3304 coniunctionem
627 3239 868 3319 unusquisque,
906 3239 962 3318 qui
986 3246 1111 3304 utrum-

138 3345 268 3422 nerit,
303 3361 440 3423 prorsus
475 3341 620 3424 negabit.
666 3342 739 3424 Quo
774 3347 885 3407 aulem
917 3343 1041 3408 iontem
1064 3344 1112 3408 in-

138 3445 195 3512 ·is
235 3445 451 3511 convertendi
490 3445 554 3509 sint
592 3446 689 3524 oculi,
731 3446 803 3525 ipso
848 3446 943 3512 nobis
985 3446 1112 3511 indioat

173 3557 306 3630 p.12,2
339 3549 490 3613 Heldua:
526 3547 601 3626 „An
638 3550 726 3612 hune
761 3567 934 3614 numerum
963 3550 1111 3632 oybieum

172 3661 211 3720 ut
236 3653 402 3718 Varroni
426 3653 547 3733 placet,
582 3652 710 3717 lunaris
738 3671 857 3718 oursus
882 3653 1037 3735 congruit
1060 3673 1111 3718 re-

155 3758 222 3836 te,
256 3762 435 3836 praeterea
458 3756 645 3820 Varronem
680 3755 774 3821 illum
808 3757 1008 3836 compilasse
1040 3758 1112 3821 veri

138 3871 163 3916 1
201 3877 277 3925 esse
302 3859 531 3939 arbitraberis
566 3859 594 3923 si
618 3859 886 3924 consideraveris
911 3858 1110 3941 discipulum

138 4056 208 4116 fer
227 4065 349 4116 Ritsehl.
370 4080 472 4129 opuso.
491 4063 545 4126 Ill,
564 4078 633 4130 pgg.
652 4064 712 4128 379,
731 4063 790 4126 386,
809 4063 860 4114 442
880 4080 943 4130 sqq.

140 4141 213 4203 fer
239 4151 332 4214 Diels
353 4150 427 4215 dux.
456 4151 506 4202 Gr.
532 4165 602 4217 pgg.
631 4150 688 4213 188,
718 4150 774 4202 197.
818 4150 923 4215 Zeller‚
950 4151 1020 4216 111³,
1034 4152 1058 4217 2,
1070 4153 1122 4207 95„

148 4228 307 4301 Moruni,
337 4238 408 4289 Luo.
429 4237 530 4289 Posid.
550 4251 630 4302 speo.
648 4237 686 4301 II,
714 4237 792 4288 Mus
810 4237 905 4289 Rhen.
924 4237 965 4301 52,
986 4253 1035 4304 pg.
1054 4239 1111 4290 361.

138 4351 150 4362 -
195 4340 245 4391 pg.
264 4324 334 4375 LIII
353 4340 417 4389 sqq.
509 4355 512 4360 ν
