2916 5004
620 378 835 438 ..34-

162 562 289 628 saeculi
312 562 489 627 Platonico
524 581 588 628 sua
621 562 879 644 deprompsisse,
912 581 1012 643 quam
1047 562 1229 644 temporis
1257 562 1300 627 de

161 665 342 730 finitionem
376 665 499 746 optime
529 665 697 746 quadrare
721 666 762 732 ad
788 672 934 730 nostram
958 667 1201 732 coniecturam
1227 666 1299 731 infre

162 766 300 833 videbis.
337 768 489 834 Eundem
506 767 694 834 Gerckeum
720 788 785 835 non
802 769 888 853 fugit
903 769 1045 851 logicam
1061 788 1175 850 quam
1196 769 1299 837 dicunt

162 877 266 936 artem
283 871 476 938 adhibuisse
493 879 662 938 auctorem
680 872 940 938 Aristotelicam.
969 871 1035 938 Sed
1050 873 1147 953 quod
1168 874 1298 956 gravius

162 980 224 1053 est,
257 974 397 1041 liberum
425 976 566 1042 hominis
590 976 765 1041 arbitrium
789 982 907 1041 contra
930 975 1059 1041 Stoicos
1084 977 1118 1041 in
1146 982 1228 1042 tota
1249 977 1298 1042 bac

162 1076 390 1159 disquisitione
425 1083 560 1144 strenue
594 1078 807 1145 contenditur
841 1085 943 1160 atque
978 1078 1192 1162 defenditur,
1232 1099 1300 1146 non·

162 1200 340 1262 numquam
363 1182 482 1249 iisdem
506 1183 723 1266 argumentis,
747 1183 866 1264 quibus
881 1201 964 1248 usus
981 1187 1033 1248 est
1049 1183 1300 1265 Aristoteles't

160 1285 239 1350 item
272 1285 431 1352 mundum
465 1305 539 1351 esse
574 1292 757 1364 aeternum,
793 1286 878 1367 quod
914 1287 1040 1366 primus
1074 1287 1201 1354 docuit
1223 1289 1300 1354 idem

162 1389 365 1455 Aristoteles
374 1390 410 1472 2),
446 1389 633 1455 affirmatur
642 1388 668 1473 ³)
702 1389 769 1473 (pg.
804 1395 877 1470 207,
893 1396 931 1455 15
966 1390 1024 1455 cir.
1059 1409 1115 1476 pg.
1152 1397 1234 1473 300,
1246 1392 1300 1474 23).

163 1493 269 1558 Porro
303 1513 388 1574 quae
424 1493 635 1558 disseruntur
669 1493 709 1558 de
744 1493 796 1574 iis,
831 1512 917 1574 quae
940 1512 1021 1559 casu
1045 1494 1120 1559 fieri
1148 1495 1302 1562 dicuntur

162 1595 227 1679 (pg.
252 1601 379 1676 213,Ιῖ
395 1595 489 1677 sqq),
513 1597 726 1661 consentiunt
748 1615 822 1662 cum
846 1596 1029 1682 Stagiritae
1056 1597 1268 1682 doctrina⁴).

249 1701 309 1784 Pg.
326 1705 432 1779 236,2
457 1700 579 1782 legitur
602 1699 665 1765 viri
689 1718 811 1781 corpus
834 1719 910 1766 esse
934 1699 1076 1766 calidius
1100 1706 1141 1766 et
1157 1702 1302 1780 densius

162 1804 304 1870 feminae
338 1802 492 1887 frigidius
527 1808 560 1868 et
596 1803 716 1885 rarius,
755 1802 841 1884 quod
880 1802 1002 1887 dogma
1037 1805 1223 1885 proprium
1261 1815 1302 1873 est

162 1906 357 1973 Aristotelis
366 1904 399 1989 ⁵).

250 2010 435 2089 Postquam
459 2027 511 2092 pg.
536 2014 704 2074 251—257
741 2009 895 2076 diversas
924 2009 965 2074 de
989 2009 1101 2076 anima
1127 2013 1301 2094 opiniones

165 2113 358 2179 Aristotelis
395 2131 518 2177 morem
557 2120 692 2178 secutus
729 2113 876 2179 breviter
913 2113 1141 2194 adumbravit,
1188 2116 1300 2182 deinde

164 2237 217 2301 pg.
242 2221 411 2282 257-263
447 2216 649 2296 amplissime
684 2217 752 2300 egit
786 2217 827 2282 de
854 2217 1053 2284 Aristotelis
1086 2218 1300 2303 sententia‘),

165 2320 293 2401 profert
327 2326 444 2386 auctor
478 2319 626 2384 eiusdem
661 2319 786 2400 decem,
822 2340 907 2401 quae
931 2320 1097 2400 dicuntur,
1121 2324 1300 2410 categoriis

165 2431 334 2505 tamquam
358 2424 391 2488 in
416 2423 561 2489 omnium
585 2442 648 2488 usu
672 2424 817 2490 versatis
841 2444 923 2490 usus
947 2425 1018 2506 (cir.
1038 2443 1118 2509 pgg.
1132 2409 1220 2494 '343
1238 2424 1300 2508 360)

165 2532 384 2609 temperatam
420 2527 587 2608 quandam
623 2528 836 2608 sententiam,
872 2547 937 2608 qua
966 2529 1001 2592 in
1026 2528 1240 2609 explicanda
1261 2550 1300 2609 ea

165 2651 251 2712 quae
286 2633 354 2697 ullo
389 2631 486 2695 modo
521 2630 678 2714 coniungi
712 2638 853 2711 possunt
886 2651 961 2697 cum
988 2632 1143 2698 Platonis
1185 2635 1300 2714 verbis,

165 2734 317 2819 magistri
351 2738 534 2815 praecepta
569 2740 691 2799 tuetur.
744 2735 808 2813 lta,
843 2735 931 2815 quod
966 2733 1218 2819 gravissimum·
1249 2744 1300 2817 est

165 2838 309 2904 animam
353 2838 493 2903 rationis
537 2842 717 2918 expertem,
759 2839 856 2904 cuius
899 2838 1042 2904 virtutes
1084 2838 1123 2903 ἐν
1164 2840 1300 2925 θώρακι

164 2950 323 3023 posuerat
346 2943 457 3021 Plato,
482 2941 699 3006 Aristotelem
724 2947 860 3007 secutus
884 2943 1000 3008 tribuit
1023 2943 1114 3008 cordi
1125 2944 1163 3025 ²).

254 3182 273 3247 ¹)
291 3181 358 3233 Eth.
376 3181 464 3245 1117,
476 3181 543 3233 1113
554 3196 619 3247 sqq.

251 3267 271 3335 2)
290 3268 388 3320 Zeller
405 3268 442 3332 Π,
457 3267 482 3332 2,
494 3268 544 3320 357
558 3282 622 3334 sqq.

249 3353 272 3424 ³)
293 3355 409 3418 Quodsi
436 3357 520 3420 putat
539 3353 693 3406 Gerckeus
721 3369 769 3420 pg.
788 3354 839 3406 206
867 3353 940 3420 (cap.
960 3354 1019 3412 1481
1046 3353 1153 3408 doceri
1183 3360 1303 3412 stoicam

165 3442 247 3494 iilam
266 3441 490 3508 apocatastasim
508 3441 641 3507 graviter
660 3445 747 3492 errat.
777 3441 879 3493 Unum
892 3441 1023 3493 concedo
1035 3441 1117 3493 illam
1131 3441 1303 3499 Stoicorum

165 3529 202 3580 de
221 3528 413 3594 apocatastasi
432 3527 605 3593 opinionem
632 3527 689 3578 hoc
715 3527 780 3579 loco
802 3542 922 3579 causam
941 3528 1035 3580 luisse
1052 3527 1148 3581 huius
1170 3531 1211 3584 de
1232 3547 1302 3585 anno

165 3619 299 3667 vertente
320 3615 538 3682 disputationis
565 3613 598 3665 id
626 3614 707 3679 quod
729 3615 899 3666 accuratius
918 3613 1090 3681 exponendi
1107 3613 1163 3668 hic
1183 3633 1250 3672 non
1268 3623 1303 3671 est

165 3702 256 3755 locus.

250 3786 273 3855 4)
291 3788 388 3839 Zeller
414 3787 452 3850 H,
466 3786 491 3851 2,
504 3787 554 3839 334
567 3802 632 3853 sqq.
672 3785 822 3852 Imprimis
849 3787 952 3840 confer
979 3785 1075 3839 Chalc.
1103 3801 1157 3853 pg.
1178 3789 1301 3856 214,lb⁴

165 3873 267 3939 ampo.

251 3960 273 4028 ⁶)
292 3960 389 4012 Zeller
406 3959 444 4024 ΙΙ,
457 3958 482 4023 2,
497 3958 555 4010 530.

249 4045 272 4112 6)
290 4048 335 4100 De
354 4046 453 4098 anima
472 4045 533 4109 111
548 4059 612 4111 sqq.

251 4133 270 4200 l)
291 4133 445 4197 Quomodo
473 4132 568 4196 possit
595 4130 750 4196 explicari,
779 4130 857 4196 quod
886 4147 934 4197 pg.
953 4130 1004 4183 273
1032 4132 1236 4198 Peripatetici
1262 4137 1301 4190 ad·

165 4223 362 4272 numerantur
374 4218 421 4283 iis,
435 4217 504 4284 „qui
516 4217 592 4269 radii
606 4217 749 4269 effusione
762 4217 862 4269 visum
876 4219 994 4283 operari
1007 4221 1141 4284 putant“‚
1165 4225 1302 4290 equidem

165 4306 274 4370 nescio,
294 4306 353 4357 nisi
372 4304 527 4370 putaveris
545 4319 639 4355 unum
653 4318 668 4354 e
681 4303 901 4369 posterioribus
915 4304 1124 4370 Peripateticis
1139 4321 1200 4360 suo
1215 4310 1301 4377 magis
