2916 5004
634 394 824 453 „2-

161 581 304 663 αγωγάς,
340 580 398 645 καὶ
432 576 524 643 ἄλλα
557 575 721 662 δείγματα
744 583 807 661 τῆς
830 577 909 661 περὶ
937 576 981 641 τὰ
1003 576 1085 641 θεῖα
1109 574 1237 660 σχολῆς
1264 598 1303 641 τε

161 682 268 749 αὐτοῦ
303 684 362 747 καὶ
395 679 634 765 πολυπειρίας.
679 681 809 747 Deinde
844 687 1004 747 narratur
1038 699 1114 745 eum
1142 680 1301 745 aTheo-

158 793 256 852 teeno
272 790 504 852 consecratum
520 783 712 850 Laodiceae
727 784 851 850 factum
870 802 944 849 esse
961 784 1162 865 episcopum.
1199 782 1303 848 Adde

160 889 401 971 Hieronymum
425 889 467 954 ad
491 887 594 954 Probi
617 907 739 953 aunum
763 889 824 954 IL:
858 887 1058 968 „Anatolius
1082 887 1304 953 Laodicenus

160 993 336 1074 episcopus
370 992 642 1073 philosophorum
677 990 861 1072 disciplinis
886 991 1035 1057 eruditus
1058 991 1203 1072 plurimo
1230 1010 1304 1057 ser·

160 1115 257 1162 mone
281 1095 490 1161 celebratur“
515 1095 674 1178 (Syncell.
700 1100 805 1175 723,3
829 1094 873 1160 ad
895 1095 997 1160 Probi
1022 1114 1145 1159 annum
1169 1093 1257 1176 ΙΙΙ.)
1283 1091 1304 1178 ).

245 1198 429 1264 Anatolius
463 1198 565 1282 igitur
589 1198 853 1278 Alexandrinus,
887 1199 1080 1280 priusquam
1103 1197 1305 1264 Laodiceae

160 1303 336 1384 episcopus
361 1309 495 1368 oreatus
519 1309 580 1380 est,
604 1301 690 1382 quod
715 1301 841 1367 lactum
865 1320 940 1367 esse
958 1300 1072 1366 ultimo
1089 1302 1161 1366 loeo
1178 1300 1305 1366 edoce·

161 1426 235 1471 mur
258 1407 348 1471 circa
369 1425 490 1471 annum
506 1425 538 1486 p.
556 1405 633 1472 Chr.
651 1424 682 1470 n.
700 1404 898 1486 CCLXXX,
914 1405 1145 1471 Alexandriae
1163 1405 1306 1470 Aristo·

159 1509 280 1575 telicae
302 1508 414 1575 luerat
436 1508 665 1589 philosophiae
690 1508 860 1592 magister.
897 1507 1059 1574 Omnibus
1083 1508 1307 1588 antiquitatis

161 1612 346 1694 disciplinis
380 1613 503 1692 optime
538 1611 683 1677 imbutus
719 1619 820 1693 atque
843 1611 1029 1677 instructus
1052 1618 1188 1692 praeter
1213 1611 1306 1677 alios

160 1716 265 1781 libros
282 1715 383 1780 etiam
407 1712 643 1797 ἀριθμητικὰς
663 1712 851 1796 εἰσαγωγὰς
866 1713 904 1777 ἐν
920 1711 1014 1794 ὅλοις
1030 1711 1113 1778 δέκα
1128 1714 1308 1797 συγγράμ-

161 1835 267 1909 poeto
289 1817 434 1898 reliquit.
471 1816 579 1898 Quem
601 1817 722 1883 librum
746 1837 849 1883 unum
873 1837 947 1882 esse
971 1817 1176 1898 eundemque
1195 1822 1307 1900 atque

161 1921 264 2000 illum,
299 1939 397 2001 quem
432 1939 538 2001 nuper
561 1921 764 2005 Heibergius
800 1940 817 1986 e
846 1920 1066 1986 bibliothecae
1091 1920 1244 1986 tenebris
1270 1921 1306 1986 iu

161 2025 269 2091 lucem
291 2024 436 2104 reduxit,
460 2025 523 2090 etsi
545 2044 606 2106 pro
630 2031 722 2090 certo
746 2025 849 2091 statui
872 2044 939 2090 non
961 2029 1082 2107 potest,
1105 2030 1221 2089 tamen
1237 2025 1307 2091 hoc

162 2128 295 2210 quidem
320 2127 471 2194 videmus
494 2129 691 2194 Anatolium
719 2129 753 2193 in
780 2129 927 2194 numeris
948 2126 1136 2193 tractandis
1160 2146 1306 2208 operam

161 2233 315 2313 posuisse
325 2230 361 2314 ²).
396 2233 514 2313 Itaque
538 2232 625 2314 quod
649 2232 781 2298 efficere
809 2236 949 2299 conatus
973 2237 1025 2297 est
1040 2230 1270 2311 Gompernius
1281 2231 1307 2316 ³)

162 2335 397 2400 Anatoliorum
421 2335 574 2416 alterum,
599 2354 696 2416 quem
720 2334 836 2400 dicunt
850 2353 1030 2418 paganum,
1054 2334 1173 2399 aviris
1190 2333 1306 2402 doctis

163 2457 237 2504 esse
261 2438 384 2518 fictum,
419 2457 621 2519 quamquam
645 2439 724 2503 mihi
748 2437 847 2503 valde
871 2439 1042 2519 probatur,
1077 2456 1165 2502 nunc
1192 2436 1308 2505 fusius

162 2547 311 2608 tractare
336 2543 549 2622 supersedeo.
583 2544 727 2608 Praeter
751 2542 848 2623 hunc,
872 2543 913 2608 de
937 2561 1001 2623 quo
1017 2541 1156 2625 agimus,
1180 2541 1306 2608 librum

163 2645 230 2711 alia
253 2645 349 2711 nobis
373 2651 512 2712 servata
535 2652 615 2712 sunt
638 2645 827 2731 fragmenta
850 2645 1048 2710 Anatoliani
1070 2644 1147 2709 libri
1170 2647 1308 2712 mathe-

162 2748 321 2830 matic14),
346 2749 404 2815 sed
429 2749 495 2815 iam
512 2750 710 2816 Hultsohius
721 2749 745 2832 ⁵)
769 2749 854 2815 vidit
877 2769 917 2814 ea
941 2749 983 2813 ab
1006 2749 1063 2812 illo
1086 2747 1127 2812 de
1151 2751 1308 2816 numeris

164 2853 248 2918 libro
271 2854 372 2934 plane
398 2853 507 2919 aliena
531 2873 616 2920 esse.

249 2955 442 3021 Redeamus
466 2976 555 3021 nunc
571 2956 613 3022 ad
630 2956 761 3036 librum,
778 2975 798 3022 a
815 2976 878 3038 quo
894 2974 1010 3021 sumus
1025 2953 1174 3037 profecti.
1212 2954 1306 3036 Quid

165 3059 229 3125 sibi
254 3058 346 3123 vult?
381 3061 586 3124 Tractentur
602 3059 722 3143 singuli
746 3078 852 3140 usque
877 3059 919 3124 ad
943 3059 1056 3124 decem
1081 3057 1211 3122 numeri
1236 3079 1307 3124 non

165 3161 410 3240 mathematice,
428 3163 485 3227 sed
503 3162 740 3246 Pythagorico,
764 3168 801 3227 ut
817 3162 941 3243 dicunt,
964 3161 1170 3244 mysticismo
1187 3161 1308 3244 singu·

164 3267 271 3331 lorum
295 3266 439 3331 virtutes
456 3285 497 3331 ac
511 3270 698 3347 potestates
715 3271 934 3346 exponuntur.
970 3265 1048 3330 Sine
1065 3270 1156 3330 corto
1173 3264 1305 3343 ordine,

166 3369 222 3450 qui
246 3369 379 3450 quidem
402 3370 550 3450 conspici
573 3369 690 3450 possit,
725 3369 877 3434 oratione
901 3368 1000 3433 valde
1025 3368 1223 3434 circumcisa
1245 3387 1305 3433 res

254 3540 275 3607 ¹)
295 3541 404 3593 Confer
423 3541 573 3608 Tannery,
599 3542 642 3593 La
668 3540 831 3608 geometria
857 3553 980 3606 greque,
1003 3554 1051 3605 pg.
1070 3539 1116 3602 423
1146 3539 1308 3605 Gomperz,

165 3627 317 3694 Anzeiger
340 3626 367 3679 d.
390 3627 464 3679 kaie.
488 3628 651 3680 Academia
675 3627 806 3682 d.Wiss.
833 3625 998 3679 Phil-hist.
1022 3625 1063 3678 (ll.
1093 3627 1159 3678 1901
1186 3640 1237 3691 pg.
1258 3626 1308 3690 263

166 3715 316 3778 Hernack,
335 3713 489 3766 altchristl.
509 3713 672 3767 Litteratur
690 3713 713 3778 1,
731 3729 781 3780 pg.
798 3713 858 3765 436.

252 3799 275 3867 ²)
293 3801 361 3852 Non
381 3799 473 3852 fuisse
496 3799 614 3866 ignotas
634 3799 784 3853 eiusmodi
803 3799 953 3851 doctrinas
972 3798 1085 3850 homini
1104 3797 1308 3863 Peripatetico

167 3888 328 3940 edocemur
347 3896 415 3938 'cum
434 3887 501 3937 aliis
521 3892 585 3939 tum
605 3890 773 3953 comparato
792 3885 967 3938 Alexandro
987 3884 1226 3951 Aplrrodisieusi,
1253 3887 1309 3953 qui

167 3990 244 4041 quae
262 3973 349 4026 habet
367 3973 486 4037 similia,
505 3974 617 4039 passim
635 3973 791 4026 adnotabo.

236 4060 346 4127 ·3)1.1.
368 4075 417 4125 pg.
436 4059 478 4114 26.

252 4146 275 4216 4)
293 4147 424 4199 Heronis
442 4146 646 4199 Alexandrini
665 4146 766 4200 Geom.
786 4149 839 4198 etc.
857 4145 943 4211 reliq.
972 4143 1017 4197 ed.
1039 4144 1155 4198 Friedr.
1175 4143 1310 4200 Hultsoh

167 4249 215 4300 pg.
235 4232 286 4285 276
304 4249 370 4299 sqq.

254 4320 273 4386 ὅ)
294 4320 559 4386 Pauly-Wissowa
577 4320 634 4372 sub
654 4320 809 4378 Anatolio,
855 4366 857 4369 .
932 4368 936 4373 ,
