2916 5004
517 398 732 458 „25-

59 585 125 649 alio
149 585 322 666 scriptore.
367 584 411 648 nt
434 584 575 663 primum
600 583 780 664 quaeritur,
815 581 871 646 ubi
906 582 951 648 sit
976 581 1189 647 statuendum

56 687 187 752 initium
219 687 319 752 huius
352 686 538 766 particulae
572 687 770 765 inculcatae,
805 684 893 765 quod
927 704 1001 751 esse
1029 705 1082 770 pg.
1106 689 1190 764 ode

57 791 188 855 censuit
222 788 452 855 Schmekelius
466 788 496 872 ¹),
531 790 586 855 ille
621 790 755 870 quidem
790 788 888 854 valde
924 807 1051 855 errans.
1105 789 1192 854 Nam

58 894 190 959 omnino
224 913 290 959 non
323 893 432 973 potuit
465 894 547 974 fieri,
581 900 617 959 ut
640 893 674 957 in
697 892 813 957 eodem
837 891 920 957 libro
944 892 1102 958 continua
1126 891 1191 957 dis-

57 996 232 1079 putatione
268 1001 417 1062 tractata
452 1015 502 1077 ea,
538 1016 624 1078 quae
649 1001 846 1077 sequuntur,
869 997 1070 1078 legarentur.
1117 995 1193 1076 Qua

58 1101 100 1164 de
123 1120 160 1164 re
183 1105 219 1165 ut
242 1100 302 1164 tibi
325 1099 543 1180 persuadeas,
578 1100 733 1165 conferas
761 1099 872 1179 velim,
907 1117 993 1179 quae
1027 1099 1193 1164 habentur

58 1222 113 1287 pg.
130 1209 181 1284 57,
195 1208 277 1268 1-7
302 1209 336 1268 et
359 1222 412 1286 pg.
429 1209 480 1283 59,
495 1209 610 1268 3-1‘2.
645 1203 772 1268 Eadem
789 1205 878 1282 sunt,
901 1202 966 1268 nisi
983 1202 1069 1283 quod
1088 1203 1193 1267 altero

58 1308 132 1372 loco
156 1306 196 1372 de
220 1326 286 1372 uno
302 1308 500 1390 Pythagora
523 1308 688 1388 dicuntur,
715 1325 802 1386 quae
826 1307 932 1371 altero
948 1305 1194 1370 distribuuntur

59 1411 201 1494 singulis
225 1410 459 1494 Pythagoreis.
507 1412 549 1475 nt
582 1411 646 1475 hac
679 1410 888 1491 potissimum
921 1409 1194 1493 recognoscitur

61 1516 168 1580 altero
191 1515 264 1579 loco
287 1515 353 1598 (pg.
379 1512 432 1597 59)
465 1514 595 1579 initium
629 1531 750 1593 capere
778 1512 1002 1596 fragmentum
1026 1513 1067 1578 ad
1092 1512 1194 1578 alium

61 1618 257 1698 scriptorem
294 1617 530 1682 revocandum.
588 1616 687 1683 Cum.
709 1616 795 1682 enim
831 1617 866 1680 in
903 1616 955 1695 iis,
994 1635 1080 1696 quae
1118 1619 1196 1681 sunt

63 1721 212 1800 Adrasti,
237 1720 328 1786 nuda
352 1720 505 1786 doctrina
521 1729 707 1802 exponatur
724 1740 789 1785 uno
807 1720 974 1785 nominato
990 1720 1195 1802 Pythagora,
1320 1794 1323 1801 Δ

62 1825 115 1889 hic
148 1824 306 1889 historico
342 1831 378 1889 ut
410 1825 459 1890 ita
496 1825 603 1890 dicam
643 1843 765 1909 genere
804 1828 991 1903 enarratur,
1030 1821 1195 1903 quomodo

61 1928 185 2012 singuli
207 1928 412 2010 Pythagorei
435 1927 717 2010 symphoniarum,
742 1946 828 2008 quae
852 1926 1018 2006 dicuntur,
1046 1926 1195 1990 rationes

61 2031 253 2096 invenerint
276 2037 376 2110 atque
400 2030 713 2096 demonstraverint.
754 2029 945 2094 Occurrunt
966 2029 1000 2093 in
1016 2034 1086 2094 tam
1101 2028 1196 2094 brevi

62 2136 250 2218 fragmento
284 2129 359 2199 cum
394 2133 522 2198 numeri
551 2133 701 2213 plurales
723 2131 841 2215 ἠξίουν
864 2129 1054 2214 λαμβάνειν
1078 2132 1111 2196 σί
1132 2130 1196 2214 μὲν

64 2233 936 2319 ...οίὸὲ...οίὸὲ...ἐίάμβανον...οίόὲ
963 2235 1196 2314 ἐπίεσαν...

63 2342 149 2425 φασί
254 2338 464 2405 ἀπεδίδοσαν
499 2347 568 2405 tum
603 2341 738 2405 nomina
761 2339 853 2419 Lausi,
876 2339 1031 2420 Hippasi,
1055 2338 1197 2418 Eudoxi,

63 2445 246 2528 Archytae.
292 2446 399 2510 Plane
422 2445 525 2527 igitur
548 2444 716 2509 diversum
742 2442 928 2508 disserendi
952 2461 1058 2526 genus
1081 2442 1197 2507 habes,

62 2549 108 2612 ht
129 2547 195 2613 iam
221 2547 355 2628 dudum,
390 2548 418 2613 si
441 2547 630 2627 meministi,
658 2547 752 2612 cuius
774 2546 946 2628 proprium
969 2545 1013 2610 sit
1036 2544 1199 2610 eiusmodi

64 2669 169 2735 genus
193 2651 384 2731 enarrandi,
408 2656 526 2730 tecum,
549 2655 640 2731 puto,
665 2649 865 2729 diiudicasti,
890 2649 1019 2729 dequo
1043 2649 1086 2714 sit
1108 2648 1197 2731 cogi-

63 2754 203 2820 tandum
228 2759 377 2821 auctore.
423 2755 551 2834 Nempe
575 2752 616 2817 de
638 2752 823 2818 Moderato.
869 2752 909 2817 Ei
945 2771 1024 2836 ergo
1060 2752 1199 2817 ethaeo

64 2858 298 2924 attribuamus.
344 2860 458 2938 Atque
482 2875 557 2922 oum
581 2856 685 2921 verba
707 2856 823 2936 πάσας
847 2853 884 2919 dd
906 2853 969 2936 τὰς
993 2856 1199 2938 συμφωνίας

63 2963 212 3044 περιέχει
244 2962 265 3046 ἡ
299 2960 489 3043 τετρακτύς
523 2958 639 3024 aad.
674 2957 739 3042 (pg.
766 2957 885 3041 58,13)
920 2977 994 3024 oum
1026 2959 1078 3039 iis,
1113 2977 1198 3040 quae

62 3065 272 3146 praecedunt
293 3065 453 3146 proxime,
477 3065 609 3129 omnino
634 3082 699 3128 non
723 3064 938 3142 cohaereant,
961 3061 994 3127 id
1012 3062 1098 3142 quod
1115 3061 1200 3127 vidit

64 3168 294 3235 Schmehelins
303 3166 339 3250 ²),
362 3169 395 3233 in
419 3168 459 3233 iis
483 3171 605 3246 autem,
630 3185 717 3247 quae
741 3185 782 3231 ex
799 3166 913 3231 eodem
930 3165 1106 3231 Moderato
1123 3183 1199 3230 esse

64 3276 200 3353 sumpla
223 3269 289 3354 (pg.
314 3275 355 3336 93
372 3268 456 3353 sqq.)
481 3289 584 3350 supra
618 3268 931 3348 demonstravimus,
967 3273 1000 3333 et
1033 3268 1135 3334 latius
1159 3266 1199 3332 de

66 3374 295 3456 quaternione,
330 3393 426 3455 quem
462 3371 653 3455 τετρακτύν
687 3371 801 3437 dicunt
835 3371 970 3451 Graeci,
1009 3377 1131 3455 agatur
1168 3374 1202 3434 et

65 3480 179 3546 verbis
213 3478 272 3543 καὶ
307 3478 341 3541 αἱ
375 3478 575 3559 συμφωνίαι
608 3474 645 3542 δὲ
674 3479 783 3540 πᾶσαν
806 3474 881 3539 κατ’
906 3473 1013 3539 αὐτὸν
1038 3471 1201 3556 (τέσσαρα

66 3581 235 3666 ἀριθμόν)
261 3579 558 3664 συμμίηροῦνυαι,
582 3580 635 3660 ὡς
658 3576 823 3662 ἐὸείχνίη
859 3585 974 3660 aperte
1005 3596 1202 3643 revocemur

66 3687 109 3753 ad
133 3688 218 3751 haec
240 3685 345 3752 verba
368 3683 434 3767 (pg.
456 3689 508 3763 58,
523 3682 585 3765 13),
609 3683 743 3749 dubium
767 3701 843 3748 esse
867 3700 933 3747 non
957 3681 1099 3761 videtur,
1124 3681 1201 3761 quin

67 3792 129 3856 hoc
151 3791 224 3855 loco
249 3788 314 3872 (pg.
331 3787 450 3869 58,13)
470 3787 632 3853 inscrtum
648 3786 815 3852 Moderati
831 3785 1055 3867 fragmentum
1070 3783 1201 3848 initium

66 3913 189 3976 capere
214 3893 258 3959 sit
281 3892 507 3958 statuendum.

153 3996 303 4080 Longius
327 4015 378 4061 me
403 3993 541 4060 deduxit
565 3993 758 4075 disputatio,
794 3992 853 4058 sed
887 4010 953 4056 non
976 3989 1102 4054 inutilis
1126 4007 1201 4054 esse

156 4236 175 4303 1)
193 4236 211 4288 l.
231 4236 250 4289 l.
269 4249 318 4301 pg.
337 4233 387 4286 411
407 4233 474 4285 adn.

155 4325 177 4392 ²)
195 4325 215 4376 l.
233 4324 251 4375 l.
