2924 5002
625 297 837 358 „26-

161 483 304 562 videtur,
328 482 355 547 si
380 481 475 547 modo
498 482 602 564 ignoti
626 482 696 547 fero
720 482 894 562 scriptoris
918 480 1085 562 ampliora
1112 480 1273 565 fragments

162 606 178 650 c
203 585 349 650 tenebris
372 591 463 650 rcctc
486 586 723 666 protraximus.
770 586 868 651 Nunc
890 584 991 650 redeo
1015 584 1059 649 ad
1081 585 1275 666 propositum.

487 771 572 852 IV.
607 771 677 851 De
707 771 972 853 Chalcidio.

247 928 450 1008 Chalcidius
468 929 521 1009 qui
539 928 644 994 fuisse
662 928 795 994 videtur
811 929 872 994 suh
888 929 987 993 finem
1000 928 1134 994 saeculi
1146 928 1249 1009 quarti
1259 928 1280 1007 ’1,

159 1033 312 1098 Platonis
335 1032 472 1097 Timaeo
500 1032 534 1096 in
564 1033 703 1097 latinum
738 1051 901 1096 converso
938 1032 1218 1097 commentarium
1239 1032 1281 1096 ad·

159 1136 277 1217 iungit,
314 1154 379 1215 quo
415 1154 522 1215 „quae
557 1136 585 1199 ei
623 1135 697 1201 visa
721 1144 797 1200 sunt
820 1136 853 1199 in
879 1136 993 1215 aliqua
1016 1134 1230 1215 difficultate,
1249 1136 1283 1199 sic

160 1241 401 1320 interpretatus
426 1244 486 1316 cst,
510 1243 547 1302 ut
571 1239 701 1303 casola
718 1239 925 1319 explanaret,
950 1257 1034 1319 quae
1050 1237 1283 1322 incognitarum

161 1343 282 1406 artium
317 1342 634 1422 disciplinarumque
670 1342 879 1425 ignoratione
914 1341 1129 1425 tegerentur“
1141 1343 1179 1423 ²).
1227 1341 1285 1423 Quo

159 1446 193 1510 in
222 1446 307 1510 libro
336 1445 475 1511 eandem
503 1445 573 1511 fere
597 1445 638 1510 de
662 1447 808 1511 numeris
833 1445 1150 1510 commentationem
1174 1443 1285 1510 inveni·

162 1567 244 1629 mus
269 1568 353 1630 quae
378 1549 465 1629 apud
491 1568 631 1633 graecos
655 1550 835 1630 scriptores
852 1567 1103 1629 nonnumquam
1119 1548 1192 1614 iarn
1209 1547 1286 1613 nohis

161 1672 195 1717 se
232 1653 361 1716 obtulit.
408 1654 591 1733 Postquam
627 1653 713 1717 enim
749 1653 902 1733 exposuit
932 1671 972 1717 ex
997 1657 1024 1716 1.
1050 1657 1079 1716 2.
1104 1659 1134 1716 4.
1162 1657 1193 1717 8.
1219 1658 1245 1717 3.
1265 1659 1286 1714 t.

160 1761 201 1820 27
226 1756 373 1821 numeris
398 1774 418 1818 a
434 1756 576 1819 Platone
595 1756 738 1819 animam
757 1755 961 1821 mundanam
977 1773 1053 1820 esse
1069 1755 1287 1832 constitutam,

160 1859 270 1941 pergit
300 1858 472 1941 (XXXIV,
495 1877 549 1941 pg.
573 1856 707 1941 99‚17):
745 1859 948 1941 „Quaeritur
984 1860 1046 1923 hoc
1082 1859 1160 1924 loco
1195 1858 1287 1940 primo

161 1961 302 2042 quidem,
326 1981 386 2027 cur
409 1963 442 2026 in
465 1967 594 2028 tantum
619 1962 814 2043 produxerit
837 1962 1045 2042 divisionem,
1079 1967 1120 2028 ut
1147 1970 1287 2044 septem

160 2064 378 2130 constitueret
407 2065 545 2130 limites“
576 2071 637 2129 etc.
667 2071 768 2144 atque
795 2065 908 2130 statim
932 2065 994 2129 sibi
1018 2064 1077 2130 dat
1099 2083 1288 2146 responsum

160 2165 315 2248 (XXXV,
339 2188 392 2252 pg.
421 2166 550 2248 100‚t):
584 2168 736 2247 „Etenim
760 2176 886 2248 septem
912 2186 1078 2248 numerus·
1092 2168 1289 2234 laudatura

158 2272 383 2354 Pythagoreis
413 2276 450 2336 ut
477 2272 620 2352 optimus
645 2279 677 2335 ct
701 2272 972 2336 naturalissimus
998 2277 1030 2336 et
1052 2270 1289 2337 sufficientissi-

159 2373 251 2438 mus“
278 2379 340 2439 etc.
387 2374 579 2454 Sequuntur
601 2375 722 2457 singuli
747 2375 885 2455 numeri,
910 2394 976 2440 non
1000 2375 1160 2456 naturali,
1191 2379 1231 2441 ut
1251 2375 1289 2438 ita

160 2476 278 2556 dicam,
301 2477 427 2558 ordine,
452 2477 509 2543 sed
536 2477 637 2542 libero
661 2477 816 2558 quodam,
845 2479 966 2560 quippe
990 2478 1046 2559 qui
1070 2476 1290 2559 disputatione

159 2579 361 2660 procedente
386 2579 560 2646 efficiatur.
595 2583 709 2660 Atque
733 2600 819 2660 quae
844 2580 883 2645 de
909 2581 1046 2664 singulis
1069 2579 1290 2662 proferuntur,

161 2702 301 2763 summa,
326 2689 362 2748 ut
386 2684 463 2763 dixi,
488 2684 702 2750 similitudine
727 2685 910 2749 cohaerent
933 2703 1006 2750 cum
1023 2684 1073 2762 iis,
1098 2702 1188 2764 quae
1205 2687 1292 2749 Ana-

160 2787 287 2866 tolium,
322 2807 409 2867 quae
444 2787 629 2866 Philonem,
664 2807 751 2867 quae
786 2788 869 2853 alios
904 2788 944 2852 de
979 2788 1031 2853 his
1065 2786 1169 2852 rebus
1205 2786 1293 2853 nobis

161 2909 318 2956 servasse
353 2891 507 2956 vidimus.
566 2890 660 2972 Quod
698 2897 733 2955 ut
765 2890 897 2956 facilius
931 2890 1127 2971 perspicias
1169 2909 1212 2955 ex
1250 2890 1294 2956 his

162 3013 292 3075 quoque
310 2996 471 3060 nonnulla
488 3014 555 3060 una
570 2993 667 3074 posui
684 3013 757 3059 cum
774 2994 825 3074 iis,
847 3013 932 3073 quac
949 2994 1088 3074 praebet
1104 2993 1295 3060 Anatolius.

282 3129 382 3182 Chalc.
400 3146 449 3196 pg.
470 3130 526 3195 105,
539 3132 578 3182 16.
902 3130 1019 3183 Anatol.
1038 3145 1087 3196 pg.
1107 3128 1149 3181 29.

196 3234 387 3300 ...ipsoque
406 3234 598 3299 singularitas
617 3249 701 3285 mens
787 3228 901 3286 ἐκάλουν
919 3230 949 3284 δὲ
968 3227 1050 3295 αὐτήν
1072 3231 1098 3283 οἱ
1116 3232 1300 3300 Πυθαγόρειοι

161 3319 225 3371 sivo
243 3319 449 3385 intellegentia
472 3320 520 3370 vel
541 3320 607 3385 ipse
627 3319 701 3371 deus
754 3321 818 3370 νοῦν
844 3316 992 3379 εἰκάζοντες
1018 3319 1054 3388 τῷ
1080 3314 1122 3369 ἑνὶ
1149 3316 1245 3382 αὐτήν,
1268 3321 1299 3389 ιο]

161 3406 261 3471 opifex
288 3405 480 3471 intellegatur
507 3421 580 3457 osse.
627 3404 701 3456 Oum
753 3406 835 3475 νοητῷ
871 3405 955 3475 sagn)
1057 3403 1144 3469 μονοέε
1180 3403 1300 3473 προτέρα

161 3491 241 3541 enim
282 3493 320 3543 sit
360 3491 468 3558 origoll
503 3506 701 3543 numerorum
753 3489 850 3544 παντὸς
869 3485 997 3559 ἀριθμοῦ,
1017 3484 1045 3551 ἐξ
1063 3481 1094 3553 ἧς
1114 3489 1222 3556 πάντες,
1237 3488 1301 3552 (οἷοὶ

250 3612 267 3680 ¹)
286 3613 418 3676 Wrobol,
437 3612 507 3665 edit.
527 3628 576 3678 pg.
594 3612 648 3663 IX.

247 3696 270 3765 2)
290 3699 421 3751 Chalcid.
440 3699 482 3750 IV
502 3697 583 3766 (edit.
603 3699 677 3765 Wr.)

246 3784 267 3842 3l
285 3786 371 3838 Alex.
399 3786 430 3836 in
457 3785 759 3851 Metaph.pg.39,13
786 3784 948 3851 Hayduck:
976 3785 1041 3834 νοῦν
1070 3779 1100 3834 δὲ
1127 3780 1172 3832 καὶ
1202 3782 1303 3836 οὐσίαν

161 3867 252 3936 ἔλεγον
270 3868 297 3920 τὸ
316 3867 354 3924 ἕν.

246 3955 269 4023 4)
289 3956 368 4008 Theo
387 3972 435 4023 pg.
454 3957 496 4020 99,
506 3956 551 4008 24:
571 3954 585 4017 ἡ
603 3953 656 4024 μὲν
674 3954 728 4023 γάρ
747 3955 832 4022 porois
851 3951 923 4024 ἀρχή
942 3952 1056 4007 πάντων.

247 4043 323 4095 Plut
343 4042 379 4094 de
398 4058 414 4094 θ
433 4043 539 4108 Delph.
559 4043 607 4094 391
622 4044 661 4095 A:
681 4037 753 4111 ἅρχή
771 4039 825 4111 μὲν
841 4041 896 4110 yolo
915 4035 1036 4110 τῖριθμοῦ
1055 4039 1153 4094 παντὸς
1170 4038 1185 4102 ἡ
1204 4042 1302 4105 μονάς.

245 4129 331 4181 Ales.
359 4129 391 4179 in
419 4129 548 4193 Metaph.
576 4144 624 4194 pg.
652 4128 738 4192 40,17
765 4128 925 4195 Hayduck:
954 4127 1007 4178 τῶν
1034 4125 1065 4179 δὲ
1092 4121 1227 4195 ἀριθμῶν
1255 4128 1303 4192 τήν

157 4213 266 4285 μονάδα
285 4210 374 4282 ripple
393 4210 471 4278 εἶναι,
492 4210 669 4281 συγκειμένην
687 4212 717 4265 ἔκ
735 4230 760 4264 τε
779 4215 825 4265 τοῦ
844 4213 935 4282 ἀρτίου
954 4212 1000 4263 καὶ
1019 4215 1150 4281 περιττοῦ.
