2916 5004
728 377 944 437 ..33-

267 560 444 626 sedetiam
461 580 512 640 ea,
532 581 622 642 uuae
637 562 844 642 praecedunt
862 561 917 642 (de
934 563 1089 645 genitura
1106 559 1247 640 mundi),
1273 560 1402 626 duxisse

268 685 287 729 e
321 665 411 730 fonte
434 665 661 746 Peripatetico
695 671 900 747 compertum
936 665 1082 739 habebit,
1116 665 1173 744 qui
1208 664 1268 729 rel
1294 683 1404 744 pamm

268 768 446 849 diligenter
468 788 509 834 ea
532 770 746 849 percurrerit.
783 770 994 852 Quamquam
1019 767 1106 832 enim
1122 775 1244 849 aperte
1263 768 1407 848 loquitur

268 872 368 936 Plato
401 871 443 937 de
476 872 664 955 genitura
700 872 824 952 mundi,
847 880 958 938 tamen
984 871 1164 938 subtilibus
1187 870 1306 951 iisque
1330 871 1408 951 peri·

269 975 425 1055 pateticis
447 976 793 1058 argumentationibus
817 977 959 1042 ellicilur
981 974 1140 1041 mundum
1156 974 1326 1040 sensilem
1344 995 1411 1041 esse

270 1084 454 1158 aeternum,
476 1078 510 1143 id
534 1080 622 1160 quod
646 1081 863 1146 Aristotelem
886 1079 1040 1145 docuisse
1064 1084 1175 1144 notum
1200 1085 1269 1144 est.

356 1182 448 1265 Ergo
481 1183 550 1248 fere
584 1189 689 1249 totum
715 1183 879 1249 Chalcidii
912 1202 997 1264 opus
1019 1183 1132 1264 potius
1155 1187 1208 1246 est
1232 1182 1412 1261 Adrasti'l

271 1290 372 1365 atquo
410 1286 474 1351 hae
511 1286 552 1351 de
590 1306 696 1352 eausa
730 1287 863 1352 minime
897 1286 1043 1370 dignum,
1082 1284 1170 1366 quod
1205 1290 1283 1350 tam
1321 1287 1413 1368 parvi

271 1389 479 1454 aestimetur.
525 1390 692 1470 Imprimis
715 1410 780 1455 non
804 1408 914 1473 panea
937 1391 1061 1468 insunt,
1095 1389 1217 1469 quibus
1246 1397 1415 1473 augeatm

271 1491 428 1557 seientia.
446 1493 677 1574 philosophiae
700 1494 790 1559 illius
823 1493 957 1572 aetatis,
991 1492 1065 1558 dieo
1090 1492 1245 1573 Adrasti,
1285 1493 1416 1574 deque

272 1595 477 1678 paucissima
499 1604 669 1678 comperta
691 1598 864 1665 habemus

608 1836 670 1917 V.
704 1836 774 1916 De
802 1836 1072 1918 Macrobio.

361 2027 398 2091 ln
434 2047 507 2092 eam
542 2035 672 2110 partem
696 2029 866 2097 Ciceronis
901 2028 942 2093 de
977 2048 1013 2093 re
1045 2027 1178 2108 publiea
1201 2027 1295 2107 libri,
1323 2049 1410 2110 quan

275 2131 377 2212 vulgo
399 2132 532 2212 proprie
556 2131 746 2211 „Somnium
772 2132 958 2212 Scipionis
983 2136 1188 2211 nuncupa-nt,
1214 2130 1320 2197 nobis
1345 2140 1410 2197 sunl

274 2234 401 2298 servati
436 2234 501 2299 duo
534 2236 608 2300 libri
643 2236 954 2302 oommentariorum
986 2233 1159 2316 compositi
1183 2252 1205 2299 a
1230 2235 1411 2313 Macrobio,

275 2337 333 2417 qui
355 2338 509 2404 floruisse
532 2339 667 2404 videtur
688 2341 779 2404 eirea
802 2359 924 2405 annum
949 2339 1057 2419 410²).
1105 2336 1236 2419 Quibus
1264 2338 1305 2403 in
1336 2357 1411 2404 eom·

276 2441 448 2507 mentariis
482 2443 616 2509 disserit
651 2448 770 2509 auctor
803 2443 844 2508 de
878 2443 1026 2507 numeris
1059 2441 1175 2506 eodem
1211 2441 1330 2522 inodo,
1358 2461 1413 2523 quo

279 2546 469 2624 AnatoliuS,
493 2547 595 2626 Thoe,
630 2547 698 2626 alli,
732 2547 773 2611 de
808 2546 928 2626 quibus
962 2547 1028 2611 iam
1060 2545 1196 2628 egimus.
1244 2544 1318 2610 Sed
1345 2543 1413 2626 quid

277 2649 402 2714 multa?
440 2650 637 2715 Exsoribam
660 2652 713 2716 hio
736 2651 906 2730 nonnulla,
930 2656 967 2716 ut
988 2651 1062 2731 ipse
1085 2649 1193 2729 possis
1217 2667 1414 2731 comparare

279 2757 379 2833 atque
403 2753 561 2819 iudicare.

411 2923 541 2975 Maeroh.
560 2923 584 2988 1,
603 2925 654 2987 VI,
664 2925 687 2976 7.
843 2924 846 2935 '
1017 2904 1134 2975 Anatol.
1152 2937 1201 2988 pg.
1220 2921 1265 2976 29.

314 3043 410 3080 unum
437 3031 544 3091 autom,
572 3028 654 3094 quod
679 3027 765 3095 μονάς
789 3028 820 3080 id
906 3025 951 3090 ἔτι,
978 3024 1003 3077 εἰ
1029 3025 1074 3076 καὶ
1101 3024 1138 3093 μ’)
1165 3018 1335 3096 ἐντελεχείᾳ,
1360 3022 1419 3078 ἀλλὰ

280 3117 325 3166 est
344 3113 442 3165 unitas
461 3113 580 3176 dicitur,
607 3118 636 3166 et
659 3115 821 3167 masidam
873 3113 993 3180 δυνάμει,
1039 3111 1158 3179 περισσή,
1199 3105 1293 3177 ἀρτία,
1340 3108 1420 3182 ripam

281 3203 309 3251 et
336 3199 446 3251 femina
473 3204 525 3263 est,
553 3216 608 3265 par
633 3201 714 3253 idem
732 3204 821 3267 atque
874 3197 1062 3267 ne'pcooos...
1082 3194 1320 3250 aldibrandum.

281 3285 385 3351 impar,
404 3286 496 3353 ipset)
524 3302 585 3338 non
604 3301 749 3340 numerus
768 3286 822 3338 sed
845 3259 848 3353 i
906 3287 1019 3352 μονιίς4)
1039 3283 1155 3353 προτέρα
1174 3280 1275 3337 παντὸς
1293 3279 1420 3352 ἀριθμοῦ,

282 3440 342 3508 (pg.
360 3441 465 3508 91‚11),
493 3447 552 3495 tam
579 3443 705 3495 stultum
732 3447 784 3508 est,
813 3447 846 3495 ut
873 3459 932 3494 non
955 3442 1090 3494 dubitem
1108 3441 1164 3491 hoe
1184 3438 1243 3504 ipsi
1265 3439 1420 3493 chalcidio

283 3528 425 3580 tribuere.

374 3614 395 3680 ¹)
415 3613 569 3668 Consentit
600 3615 681 3682 quod
708 3615 863 3667 effecimus
894 3630 962 3666 eum
992 3615 1108 3666 Krollio
1137 3611 1422 3678 (Pauly-wissener)

284 3700 448 3752 scribente:
471 3703 528 3765 „Er
547 3701 668 3768 (Chalc.)
687 3702 737 3754 hat
755 3704 804 3754 fiir
823 3701 906 3753 seine
919 3701 982 3753 Zeit
999 3705 1053 3766 gut
1070 3699 1231 3758 iihersetzt,
1252 3698 1336 3752 aber
1355 3698 1421 3752 auch

285 3803 344 3839 nur
374 3785 534 3852 iibersetzt,
571 3789 739 3855 abgesehen
776 3803 835 3839 von
871 3787 925 3839 der
955 3788 1117 3854 Zuliigung
1151 3783 1331 3838 bibliseher
1370 3783 1422 3837 und

286 3873 451 3925 rlimiseher
470 3874 626 3939 Beispiele.
664 3876 752 3927 Seius
774 3874 900 3937 Quellen
928 3874 996 3925 sind
1025 3872 1175 3924 durobaus
1202 3871 1422 3938 vorplotiniselr

287 3959 351 4012 und
376 3960 499 4013 werden
526 3965 615 4013 unler
643 3961 701 4012 den
720 3960 916 4012 Platonikern
944 3960 996 4011 des
1020 3959 1095 4010 ‘2ten
1115 3955 1352 4012 lam-hunderts
1370 3954 1422 4010 und

285 4047 383 4098 ihrem
402 4047 533 4113 Anhang
551 4062 589 4098 zu
608 4048 722 4099 snehen
741 4047 806 4098 und
825 4062 863 4097 zu
881 4046 984 4098 finden
1003 4046 1092 4097 sein*

372 4132 395 4200 2)
414 4132 515 4200 Pauly,
535 4133 719 4198 Realeneyel.
739 4134 796 4185 sub
815 4132 976 4184 hlaeroblo.

371 4220 392 4287 3)
410 4220 526 4272 Anatol.
544 4236 593 4286 pg,
612 4219 656 4271 33:
685 4217 699 4280 ἡ
718 4218 772 4286 ydp
789 4216 882 4285 μονάς,
909 4215 934 4268 εἰ
951 4215 997 4266 καὶ
1016 4214 1135 4282 περισσή,
1155 4209 1210 4262 ἀλλ’
1230 4209 1284 4266 οὐκ
1304 4212 1421 4286 ἀριθμός.

373 4306 394 4369 ⁴)
414 4305 560 4359 Ordinem
581 4321 691 4372 sequor
710 4305 945 4358 Macrobianum.
