<?xml version="1.0" encoding="UTF-8"?>
<!DOCTYPE html PUBLIC "-//W3C//DTD XHTML 1.0 Transitional//EN"
    "http://www.w3.org/TR/xhtml1/DTD/xhtml1-transitional.dtd">
<html xmlns="http://www.w3.org/1999/xhtml" xml:lang="en" lang="en">
 <head>
  <title>
</title>
<meta http-equiv="Content-Type" content="text/html;charset=utf-8" />
  <meta name='ocr-system' content='tesseract 3.04.00' />
  <meta name='ocr-capabilities' content='ocr_page ocr_carea ocr_par ocr_line ocrx_word'/>
</head>
<body>
  <div class='ocr_page' id='page_1' title='image "./deanatoliifonti00borggoog_0050.png"; bbox 0 0 2916 5004; ppageno 0'>
   <div class='ocr_carea' id='block_1_1' title="bbox 517 410 729 467">
    <p class='ocr_par' dir='ltr' id='par_1_1' title="bbox 517 410 729 467">
     <span class='ocr_line' id='line_1_1' title="bbox 517 410 729 467; baseline 0.005 -21"><span class='ocrx_word' id='word_1_1' title='bbox 517 410 729 467; x_wconf 81' lang='grc'><strong>..41-</strong></span> 
     </span>
    </p>
   </div>
   <div class='ocr_carea' id='block_1_2' title="bbox 248 590 441 643">
    <p class='ocr_par' dir='ltr' id='par_1_2' title="bbox 248 590 441 643">
     <span class='ocr_line' id='line_1_2' title="bbox 248 590 441 643; baseline -0.026 -1"><span class='ocrx_word' id='word_1_2' title='bbox 248 590 400 643; x_wconf 85' lang='lat' dir='ltr'>Macrobii.</span> <span class='ocrx_word' id='word_1_3' title='bbox 439 626 441 637; x_wconf 87' lang='lat'><strong><em>.</em></strong></span> 
     </span>
    </p>
   </div>
   <div class='ocr_carea' id='block_1_3' title="bbox 10 1211 598 2310">
    <p class='ocr_par' dir='ltr' id='par_1_3' title="bbox 10 1211 598 2310">
     <span class='ocr_line' id='line_1_3' title="bbox 90 1211 596 1277; baseline -0.004 -14"><span class='ocrx_word' id='word_1_4' title='bbox 90 1227 159 1263; x_wconf 87' lang='lat' dir='ltr'>nam</span> <span class='ocrx_word' id='word_1_5' title='bbox 182 1212 280 1277; x_wconf 90' lang='lat' dir='ltr'>primo</span> <span class='ocrx_word' id='word_1_6' title='bbox 304 1211 439 1262; x_wconf 90' lang='lat' dir='ltr'>omnium</span> <span class='ocrx_word' id='word_1_7' title='bbox 461 1211 518 1262; x_wconf 88' lang='lat' dir='ltr'>hoe</span> <span class='ocrx_word' id='word_1_8' title='bbox 541 1226 596 1262; x_wconf 93' lang='lat' dir='ltr'>nu-</span> 
     </span>
     <span class='ocr_line' id='line_1_4' title="bbox 52 1296 597 1363; baseline -0.006 -13"><span class='ocrx_word' id='word_1_9' title='bbox 52 1314 139 1350; x_wconf 90' lang='lat' dir='ltr'>mero</span> <span class='ocrx_word' id='word_1_10' title='bbox 163 1298 261 1348; x_wconf 84' lang='lat' dir='ltr'>anima</span> <span class='ocrx_word' id='word_1_11' title='bbox 284 1296 439 1348; x_wconf 81' lang='lat' dir='ltr'>mundana</span> <span class='ocrx_word' id='word_1_12' title='bbox 457 1301 597 1363; x_wconf 82' lang='lat' dir='ltr'>generate</span> 
     </span>
     <span class='ocr_line' id='line_1_5' title="bbox 53 1382 596 1446; baseline -0.006 -10"><span class='ocrx_word' id='word_1_13' title='bbox 53 1387 110 1446; x_wconf 89' lang='lat' dir='ltr'>est,</span> <span class='ocrx_word' id='word_1_14' title='bbox 128 1385 207 1436; x_wconf 90' lang='lat' dir='ltr'>siout</span> <span class='ocrx_word' id='word_1_15' title='bbox 223 1384 364 1435; x_wconf 80' lang='lat' dir='ltr'>Timaeus</span> <span class='ocrx_word' id='word_1_16' title='bbox 378 1382 509 1435; x_wconf 84' lang='lat' dir='ltr'>Platonis</span> <span class='ocrx_word' id='word_1_17' title='bbox 528 1382 596 1433; x_wconf 88' lang='lat' dir='ltr'>edo·</span> 
     </span>
     <span class='ocr_line' id='line_1_6' title="bbox 54 1467 597 1523; baseline -0.007 -1"><span class='ocrx_word' id='word_1_18' title='bbox 54 1470 128 1522; x_wconf 87' lang='grc'><strong>0011.</strong></span> <span class='ocrx_word' id='word_1_19' title='bbox 156 1470 283 1521; x_wconf 84' lang='lat' dir='ltr'>monade</span> <span class='ocrx_word' id='word_1_20' title='bbox 311 1470 392 1521; x_wconf 89' lang='lat' dir='ltr'>enim</span> <span class='ocrx_word' id='word_1_21' title='bbox 421 1469 454 1523; x_wconf 88' lang='lat' dir='ltr'>in</span> <span class='ocrx_word' id='word_1_22' title='bbox 484 1467 597 1520; x_wconf 76' lang='lat' dir='ltr'>vertice</span> 
     </span>
     <span class='ocr_line' id='line_1_7' title="bbox 10 1554 597 1609; baseline -0.007 0"><span class='ocrx_word' id='word_1_23' title='bbox 10 1570 12 1575; x_wconf 86' lang='lat'><em>·</em></span> <span class='ocrx_word' id='word_1_24' title='bbox 54 1558 152 1609; x_wconf 78' lang='lat' dir='ltr'>locata</span> <span class='ocrx_word' id='word_1_25' title='bbox 178 1557 258 1608; x_wconf 87' lang='lat' dir='ltr'>terni</span> <span class='ocrx_word' id='word_1_26' title='bbox 284 1555 403 1607; x_wconf 91' lang='lat' dir='ltr'>numeri</span> <span class='ocrx_word' id='word_1_27' title='bbox 431 1555 467 1606; x_wconf 83' lang='lat' dir='ltr'>ab</span> <span class='ocrx_word' id='word_1_28' title='bbox 493 1554 597 1606; x_wconf 83' lang='lat' dir='ltr'>eedem</span> 
     </span>
     <span class='ocr_line' id='line_1_8' title="bbox 10 1640 597 1715; baseline -0.007 -21"><span class='ocrx_word' id='word_1_29' title='bbox 10 1654 13 1715; x_wconf 67' lang='grc' dir='ltr'>ζ</span> <span class='ocrx_word' id='word_1_30' title='bbox 55 1658 95 1695; x_wconf 81' lang='lat' dir='ltr'>ex</span> <span class='ocrx_word' id='word_1_31' title='bbox 114 1647 241 1708; x_wconf 86' lang='lat' dir='ltr'>utreque</span> <span class='ocrx_word' id='word_1_32' title='bbox 254 1646 336 1707; x_wconf 85' lang='lat' dir='ltr'>parte</span> <span class='ocrx_word' id='word_1_33' title='bbox 348 1642 503 1693; x_wconf 87' lang='lat' dir='ltr'>fluxerunt</span> <span class='ocrx_word' id='word_1_34' title='bbox 510 1640 530 1708; x_wconf 86' lang='lat'>¹)</span> <span class='ocrx_word' id='word_1_35' title='bbox 544 1642 597 1692; x_wconf 87' lang='lat' dir='ltr'>eto.</span> 
     </span>
     <span class='ocr_line' id='line_1_9' title="bbox 10 1726 598 1794; baseline -0.012 -12"><span class='ocrx_word' id='word_1_36' title='bbox 10 1747 12 1751; x_wconf 92' lang='lat'>·</span> <span class='ocrx_word' id='word_1_37' title='bbox 92 1768 138 1782; x_wconf 90' lang='lat'>...</span> <span class='ocrx_word' id='word_1_38' title='bbox 158 1731 271 1794; x_wconf 78' lang='lat' dir='ltr'>septem</span> <span class='ocrx_word' id='word_1_39' title='bbox 291 1742 410 1793; x_wconf 90' lang='lat' dir='ltr'>quoque</span> <span class='ocrx_word' id='word_1_40' title='bbox 423 1726 598 1792; x_wconf 81' lang='lat' dir='ltr'>vagantium</span> 
     </span>
     <span class='ocr_line' id='line_1_10' title="bbox 56 1812 596 1881; baseline -0.009 -14"><span class='ocrx_word' id='word_1_41' title='bbox 56 1816 255 1881; x_wconf 80' lang='lat' dir='ltr'>sphaera-rum</span> <span class='ocrx_word' id='word_1_42' title='bbox 278 1813 415 1865; x_wconf 84' lang='lat' dir='ltr'>ordinem</span> <span class='ocrx_word' id='word_1_43' title='bbox 437 1812 484 1863; x_wconf 92' lang='grc'><strong>1111</strong></span> <span class='ocrx_word' id='word_1_44' title='bbox 506 1812 596 1864; x_wconf 87' lang='grc'><strong>010111-</strong></span> 
     </span>
     <span class='ocr_line' id='line_1_11' title="bbox 56 1898 597 1953; baseline -0.006 0"><span class='ocrx_word' id='word_1_45' title='bbox 56 1902 137 1953; x_wconf 90' lang='lat' dir='ltr'>ferae</span> <span class='ocrx_word' id='word_1_46' title='bbox 160 1904 187 1952; x_wconf 93' lang='lat' dir='ltr'>et</span> <span class='ocrx_word' id='word_1_47' title='bbox 211 1914 313 1952; x_wconf 89' lang='lat' dir='ltr'>omnes</span> <span class='ocrx_word' id='word_1_48' title='bbox 336 1898 501 1951; x_wconf 81' lang='lat' dir='ltr'>continenti</span> <span class='ocrx_word' id='word_1_49' title='bbox 528 1898 597 1950; x_wconf 89' lang='lat' dir='ltr'>sub·</span> 
     </span>
     <span class='ocr_line' id='line_1_12' title="bbox 57 1985 597 2048; baseline -0.009 -9"><span class='ocrx_word' id='word_1_50' title='bbox 57 1989 129 2039; x_wconf 86' lang='lat' dir='ltr'>iecit</span> <span class='ocrx_word' id='word_1_51' title='bbox 162 1987 271 2038; x_wconf 80' lang='lat' dir='ltr'><strong>artifex</strong></span> <span class='ocrx_word' id='word_1_52' title='bbox 306 1985 494 2036; x_wconf 85' lang='lat' dir='ltr'>fabricatoris</span> <span class='ocrx_word' id='word_1_53' title='bbox 529 1999 597 2048; x_wconf 90' lang='lat' dir='ltr'>pro-</span> 
     </span>
     <span class='ocr_line' id='line_1_13' title="bbox 58 2070 597 2137; baseline -0.004 -15"><span class='ocrx_word' id='word_1_54' title='bbox 58 2071 200 2134; x_wconf 85' lang='lat' dir='ltr'>videntia,</span> <span class='ocrx_word' id='word_1_55' title='bbox 225 2087 301 2137; x_wconf 90' lang='lat' dir='ltr'>quae</span> <span class='ocrx_word' id='word_1_56' title='bbox 321 2075 348 2122; x_wconf 88' lang='lat' dir='ltr'>et</span> <span class='ocrx_word' id='word_1_57' title='bbox 367 2070 532 2136; x_wconf 87' lang='lat' dir='ltr'>superioris</span> <span class='ocrx_word' id='word_1_58' title='bbox 552 2085 597 2120; x_wconf 86' lang='lat' dir='ltr'>ra-</span> 
     </span>
     <span class='ocr_line' id='line_1_14' title="bbox 53 2157 597 2223; baseline -0.004 -14"><span class='ocrx_word' id='word_1_59' title='bbox 53 2158 139 2223; x_wconf 82' lang='lat' dir='ltr'>‘pidis</span> <span class='ocrx_word' id='word_1_60' title='bbox 163 2157 293 2210; x_wconf 84' lang='grc'><strong>0101111110</strong></span> <span class='ocrx_word' id='word_1_61' title='bbox 316 2157 472 2209; x_wconf 82' lang='lat' dir='ltr'>obviarent</span> <span class='ocrx_word' id='word_1_62' title='bbox 499 2160 527 2208; x_wconf 90' lang='lat' dir='ltr'>et</span> <span class='ocrx_word' id='word_1_63' title='bbox 554 2157 597 2207; x_wconf 90' lang='lat' dir='ltr'>in·</span> 
     </span>
     <span class='ocr_line' id='line_1_15' title="bbox 57 2244 516 2310; baseline 0 -15"><span class='ocrx_word' id='word_1_64' title='bbox 57 2244 168 2295; x_wconf 84' lang='lat' dir='ltr'>feriore</span> <span class='ocrx_word' id='word_1_65' title='bbox 187 2244 285 2295; x_wconf 86' lang='lat' dir='ltr'>omnia</span> <span class='ocrx_word' id='word_1_66' title='bbox 303 2244 516 2310; x_wconf 80' lang='lat' dir='ltr'>gubernarent.</span> 
     </span>
    </p>
   </div>
   <div class='ocr_carea' id='block_1_4' title="bbox 55 2415 600 2654">
    <p class='ocr_par' dir='ltr' id='par_1_4' title="bbox 55 2415 600 2654">
     <span class='ocr_line' id='line_1_16' title="bbox 495 2415 599 2466; baseline -0.01 0"><span class='ocrx_word' id='word_1_67' title='bbox 495 2415 599 2466; x_wconf 85' lang='lat' dir='ltr'>lunam</span> 
     </span>
     <span class='ocr_line' id='line_1_17' title="bbox 57 2502 600 2570; baseline -0.002 -16"><span class='ocrx_word' id='word_1_68' title='bbox 57 2518 179 2570; x_wconf 90' lang='lat' dir='ltr'>quoque</span> <span class='ocrx_word' id='word_1_69' title='bbox 199 2503 285 2568; x_wconf 81' lang='lat' dir='ltr'><strong>quasi</strong></span> <span class='ocrx_word' id='word_1_70' title='bbox 303 2518 340 2554; x_wconf 84' lang='lat' dir='ltr'>ex</span> <span class='ocrx_word' id='word_1_71' title='bbox 359 2502 420 2554; x_wconf 87' lang='lat' dir='ltr'>illis</span> <span class='ocrx_word' id='word_1_72' title='bbox 442 2502 600 2567; x_wconf 81' lang='lat' dir='ltr'>septimam</span> 
     </span>
     <span class='ocr_line' id='line_1_18' title="bbox 55 2588 598 2654; baseline -0.004 -13"><span class='ocrx_word' id='word_1_73' title='bbox 55 2604 206 2641; x_wconf 89' lang='lat' dir='ltr'>numerus</span> <span class='ocrx_word' id='word_1_74' title='bbox 254 2588 442 2654; x_wconf 84' lang='lat' dir='ltr'>septenarius</span> <span class='ocrx_word' id='word_1_75' title='bbox 492 2592 598 2652; x_wconf 83' lang='lat' dir='ltr'>movet,</span> 
     </span>
    </p>
   </div>
   <div class='ocr_carea' id='block_1_5' title="bbox 56 2664 625 2741">
    <p class='ocr_par' dir='ltr' id='par_1_5' title="bbox 56 2664 625 2741">
     <span class='ocr_line' id='line_1_19' title="bbox 56 2664 625 2741; baseline -0.004 -14"><span class='ocrx_word' id='word_1_76' title='bbox 56 2690 245 2741; x_wconf 84' lang='lat' dir='ltr'>cursumque</span> <span class='ocrx_word' id='word_1_77' title='bbox 264 2675 329 2726; x_wconf 89' lang='lat' dir='ltr'>eius</span> <span class='ocrx_word' id='word_1_78' title='bbox 348 2675 413 2739; x_wconf 88' lang='lat' dir='ltr'>ipse</span> <span class='ocrx_word' id='word_1_79' title='bbox 438 2674 599 2740; x_wconf 87' lang='lat' dir='ltr'>dispensat.</span> <span class='ocrx_word' id='word_1_80' title='bbox 624 2664 625 2669; x_wconf 34' lang='lat'>¹</span> 
     </span>
    </p>
   </div>
   <div class='ocr_carea' id='block_1_6' title="bbox 53 2761 602 4030">
    <p class='ocr_par' dir='ltr' id='par_1_6' title="bbox 53 2761 602 4030">
     <span class='ocr_line' id='line_1_20' title="bbox 55 2761 598 2828; baseline 0 -16"><span class='ocrx_word' id='word_1_81' title='bbox 55 2761 142 2828; x_wconf 93' lang='lat' dir='ltr'>quod</span> <span class='ocrx_word' id='word_1_82' title='bbox 173 2776 242 2812; x_wconf 90' lang='lat' dir='ltr'>oum</span> <span class='ocrx_word' id='word_1_83' title='bbox 272 2761 374 2812; x_wconf 89' lang='lat' dir='ltr'>multis</span> <span class='ocrx_word' id='word_1_84' title='bbox 404 2761 501 2812; x_wconf 89' lang='lat' dir='ltr'>modis</span> <span class='ocrx_word' id='word_1_85' title='bbox 530 2776 598 2826; x_wconf 93' lang='lat' dir='ltr'>pro·</span> 
     </span>
     <span class='ocr_line' id='line_1_21' title="bbox 53 2847 598 2914; baseline -0.006 -13"><span class='ocrx_word' id='word_1_86' title='bbox 53 2848 157 2911; x_wconf 89' lang='lat' dir='ltr'>betur,</span> <span class='ocrx_word' id='word_1_87' title='bbox 181 2847 217 2898; x_wconf 92' lang='lat' dir='ltr'>ab</span> <span class='ocrx_word' id='word_1_88' title='bbox 240 2847 295 2898; x_wconf 87' lang='lat' dir='ltr'>hoe</span> <span class='ocrx_word' id='word_1_89' title='bbox 323 2847 446 2914; x_wconf 86' lang='lat' dir='ltr'>incipiat</span> <span class='ocrx_word' id='word_1_90' title='bbox 473 2847 598 2899; x_wconf 89' lang='lat' dir='ltr'>ostendi.</span> 
     </span>
     <span class='ocr_line' id='line_1_22' title="bbox 53 2933 598 3000; baseline -0.002 -15"><span class='ocrx_word' id='word_1_91' title='bbox 53 2935 133 2986; x_wconf 86' lang='lat' dir='ltr'>luna</span> <span class='ocrx_word' id='word_1_92' title='bbox 145 2936 209 2984; x_wconf 85' lang='grc'><strong>0010</strong></span> <span class='ocrx_word' id='word_1_93' title='bbox 224 2937 252 2985; x_wconf 90' lang='grc'>01</span> <span class='ocrx_word' id='word_1_94' title='bbox 264 2933 373 3000; x_wconf 80' lang='lat' dir='ltr'>viginti</span> <span class='ocrx_word' id='word_1_95' title='bbox 384 2949 478 3000; x_wconf 87' lang='lat' dir='ltr'>prope</span> <span class='ocrx_word' id='word_1_96' title='bbox 492 2933 598 2984; x_wconf 89' lang='lat' dir='ltr'>diebus</span> 
     </span>
     <span class='ocr_line' id='line_1_23' title="bbox 53 3018 598 3072; baseline -0.006 0"><span class='ocrx_word' id='word_1_97' title='bbox 53 3018 151 3072; x_wconf 86' lang='lat' dir='ltr'>totius</span> <span class='ocrx_word' id='word_1_98' title='bbox 174 3019 290 3071; x_wconf 79' lang='lat' dir='ltr'>zodiaci</span> <span class='ocrx_word' id='word_1_99' title='bbox 310 3019 453 3072; x_wconf 88' lang='lat' dir='ltr'>ambitum</span> <span class='ocrx_word' id='word_1_100' title='bbox 474 3018 598 3069; x_wconf 85' lang='lat' dir='ltr'>conficit.</span> 
     </span>
     <span class='ocr_line' id='line_1_24' title="bbox 53 3104 598 3171; baseline -0.015 -9"><span class='ocrx_word' id='word_1_101' title='bbox 53 3146 62 3162; x_wconf 88' lang='lat'><strong>.</strong></span> <span class='ocrx_word' id='word_1_102' title='bbox 89 3147 95 3158; x_wconf 88' lang='lat'><strong>.</strong></span> <span class='ocrx_word' id='word_1_103' title='bbox 120 3146 126 3157; x_wconf 92' lang='lat'>.</span> <span class='ocrx_word' id='word_1_104' title='bbox 162 3104 252 3157; x_wconf 87' lang='lat' dir='ltr'>huius</span> <span class='ocrx_word' id='word_1_105' title='bbox 286 3120 356 3171; x_wconf 79' lang='lat' dir='ltr'>ergo</span> <span class='ocrx_word' id='word_1_106' title='bbox 393 3105 500 3171; x_wconf 76' lang='lat' dir='ltr'>viginti</span> <span class='ocrx_word' id='word_1_107' title='bbox 536 3106 598 3155; x_wconf 86' lang='grc'><strong>0010</strong></span> 
     </span>
     <span class='ocr_line' id='line_1_25' title="bbox 55 3191 599 3257; baseline -0.007 -13"><span class='ocrx_word' id='word_1_108' title='bbox 55 3192 180 3244; x_wconf 90' lang='lat' dir='ltr'>dierum</span> <span class='ocrx_word' id='word_1_109' title='bbox 189 3193 310 3243; x_wconf 89' lang='lat' dir='ltr'>numeri</span> <span class='ocrx_word' id='word_1_110' title='bbox 319 3191 599 3257; x_wconf 83' lang='lat' dir='ltr'>septenariusorigo</span> 
     </span>
     <span class='ocr_line' id='line_1_26' title="bbox 55 3277 600 3344; baseline -0.006 -14"><span class='ocrx_word' id='word_1_111' title='bbox 55 3281 113 3331; x_wconf 87' lang='lat' dir='ltr'>est.</span> <span class='ocrx_word' id='word_1_112' title='bbox 142 3293 211 3328; x_wconf 86' lang='lat' dir='ltr'>nem</span> <span class='ocrx_word' id='word_1_113' title='bbox 238 3278 263 3329; x_wconf 90' lang='lat' dir='ltr'>si</span> <span class='ocrx_word' id='word_1_114' title='bbox 291 3277 328 3328; x_wconf 85' lang='lat' dir='ltr'>ab</span> <span class='ocrx_word' id='word_1_115' title='bbox 356 3292 416 3328; x_wconf 90' lang='lat' dir='ltr'>uno</span> <span class='ocrx_word' id='word_1_116' title='bbox 440 3293 537 3344; x_wconf 91' lang='lat' dir='ltr'>usque</span> <span class='ocrx_word' id='word_1_117' title='bbox 563 3277 600 3328; x_wconf 92' lang='lat' dir='ltr'>ad</span> 
     </span>
     <span class='ocr_line' id='line_1_27' title="bbox 55 3363 600 3429; baseline -0.002 -14"><span class='ocrx_word' id='word_1_118' title='bbox 55 3366 176 3428; x_wconf 89' lang='lat' dir='ltr'>septem</span> <span class='ocrx_word' id='word_1_119' title='bbox 195 3367 342 3428; x_wconf 84' lang='lat' dir='ltr'>quantum</span> <span class='ocrx_word' id='word_1_120' title='bbox 354 3363 468 3429; x_wconf 81' lang='lat' dir='ltr'>singuli</span> <span class='ocrx_word' id='word_1_121' title='bbox 481 3363 600 3414; x_wconf 89' lang='lat' dir='ltr'>numeri</span> 
     </span>
     <span class='ocr_line' id='line_1_28' title="bbox 55 3448 600 3514; baseline -0.006 -12"><span class='ocrx_word' id='word_1_122' title='bbox 55 3448 245 3514; x_wconf 81' lang='lat' dir='ltr'>exprimunt,</span> <span class='ocrx_word' id='word_1_123' title='bbox 268 3452 384 3500; x_wconf 90' lang='lat' dir='ltr'>tantum</span> <span class='ocrx_word' id='word_1_124' title='bbox 401 3449 600 3501; x_wconf 80' lang='lat' dir='ltr'>antecedenti·</span> 
     </span>
     <span class='ocr_line' id='line_1_29' title="bbox 53 3533 601 3600; baseline -0.002 -13"><span class='ocrx_word' id='word_1_125' title='bbox 53 3535 120 3587; x_wconf 90' lang='lat' dir='ltr'>bus</span> <span class='ocrx_word' id='word_1_126' title='bbox 139 3533 275 3586; x_wconf 82' lang='lat' dir='ltr'>addendo</span> <span class='ocrx_word' id='word_1_127' title='bbox 293 3535 446 3600; x_wconf 72' lang='lat' dir='ltr'>procedas</span> <span class='ocrx_word' id='word_1_128' title='bbox 464 3534 601 3586; x_wconf 78' lang='lat' dir='ltr'>invenies</span> 
     </span>
     <span class='ocr_line' id='line_1_30' title="bbox 55 3619 600 3688; baseline -0.004 -14"><span class='ocrx_word' id='word_1_129' title='bbox 55 3619 171 3688; x_wconf 82' lang='lat' dir='ltr'>viginti</span> <span class='ocrx_word' id='word_1_130' title='bbox 194 3624 257 3672; x_wconf 88' lang='grc'><strong>0010</strong></span> <span class='ocrx_word' id='word_1_131' title='bbox 279 3625 347 3673; x_wconf 86' lang='lat' dir='ltr'>nata</span> <span class='ocrx_word' id='word_1_132' title='bbox 366 3621 402 3673; x_wconf 91' lang='lat' dir='ltr'>de</span> <span class='ocrx_word' id='word_1_133' title='bbox 422 3625 536 3686; x_wconf 89' lang='lat' dir='ltr'>septem</span> <span class='ocrx_word' id='word_1_134' title='bbox 556 3660 600 3672; x_wconf 94' lang='lat'>...</span> 
     </span>
     <span class='ocr_line' id='line_1_31' title="bbox 56 3705 601 3773; baseline -0.002 -14"><span class='ocrx_word' id='word_1_135' title='bbox 56 3705 213 3759; x_wconf 87' lang='lat' dir='ltr'>similibus</span> <span class='ocrx_word' id='word_1_136' title='bbox 232 3722 352 3773; x_wconf 92' lang='lat' dir='ltr'>quoque</span> <span class='ocrx_word' id='word_1_137' title='bbox 372 3706 601 3772; x_wconf 85' lang='lat' dir='ltr'>dispensationi-</span> 
     </span>
     <span class='ocr_line' id='line_1_32' title="bbox 56 3792 602 3844; baseline 0 0"><span class='ocrx_word' id='word_1_138' title='bbox 56 3792 121 3844; x_wconf 89' lang='lat' dir='ltr'>bus</span> <span class='ocrx_word' id='word_1_139' title='bbox 148 3792 372 3844; x_wconf 90' lang='lat' dir='ltr'>hebdomadum</span> <span class='ocrx_word' id='word_1_140' title='bbox 398 3793 523 3844; x_wconf 88' lang='lat' dir='ltr'>luminis</span> <span class='ocrx_word' id='word_1_141' title='bbox 554 3794 602 3844; x_wconf 88' lang='lat' dir='ltr'>sui</span> 
     </span>
     <span class='ocr_line' id='line_1_33' title="bbox 57 3877 601 3944; baseline 0.002 -16"><span class='ocrx_word' id='word_1_142' title='bbox 57 3877 145 3928; x_wconf 76' lang='lat' dir='ltr'>vices</span> <span class='ocrx_word' id='word_1_143' title='bbox 165 3877 346 3943; x_wconf 85' lang='lat' dir='ltr'>sempiterna</span> <span class='ocrx_word' id='word_1_144' title='bbox 369 3879 434 3944; x_wconf 85' lang='lat' dir='ltr'>lege</span> <span class='ocrx_word' id='word_1_145' title='bbox 457 3879 601 3930; x_wconf 86' lang='lat' dir='ltr'>variando</span> 
     </span>
     <span class='ocr_line' id='line_1_34' title="bbox 60 3963 602 4030; baseline 0 -15"><span class='ocrx_word' id='word_1_146' title='bbox 60 3963 204 4028; x_wconf 89' lang='lat' dir='ltr'>disponit.</span> <span class='ocrx_word' id='word_1_147' title='bbox 239 3964 347 4029; x_wconf 90' lang='lat' dir='ltr'>primis</span> <span class='ocrx_word' id='word_1_148' title='bbox 378 3965 458 4017; x_wconf 87' lang='lat' dir='ltr'>enim</span> <span class='ocrx_word' id='word_1_149' title='bbox 489 3969 602 4030; x_wconf 89' lang='lat' dir='ltr'>septem</span> 
     </span>
    </p>
   </div>
   <div class='ocr_carea' id='block_1_7' title="bbox 151 4151 648 4220">
    <p class='ocr_par' dir='ltr' id='par_1_7' title="bbox 151 4151 648 4220">
     <span class='ocr_line' id='line_1_35' title="bbox 151 4151 648 4220; baseline -0.002 -14"><span class='ocrx_word' id='word_1_150' title='bbox 151 4153 171 4220; x_wconf 91' lang='lat'>¹)</span> <span class='ocrx_word' id='word_1_151' title='bbox 191 4151 300 4206; x_wconf 79' lang='lat' dir='ltr'>Confer</span> <span class='ocrx_word' id='word_1_152' title='bbox 318 4152 449 4205; x_wconf 78' lang='lat' dir='ltr'>Chaleid.</span> <span class='ocrx_word' id='word_1_153' title='bbox 469 4170 517 4219; x_wconf 85' lang='lat' dir='ltr'>pg.</span> <span class='ocrx_word' id='word_1_154' title='bbox 539 4154 596 4217; x_wconf 86' lang='lat'>105,</span> <span class='ocrx_word' id='word_1_155' title='bbox 608 4154 648 4205; x_wconf 79' lang='lat'>12.</span> 
     </span>
    </p>
   </div>
   <div class='ocr_carea' id='block_1_8' title="bbox 649 591 1190 851">
    <p class='ocr_par' dir='ltr' id='par_1_8' title="bbox 649 591 1190 851">
     <span class='ocr_line' id='line_1_36' title="bbox 845 591 988 643; baseline 0.007 -1"><span class='ocrx_word' id='word_1_156' title='bbox 845 591 988 643; x_wconf 86' lang='lat' dir='ltr'>Philonis</span> 
     </span>
     <span class='ocr_line' id='line_1_37' title="bbox 649 692 1190 763; baseline 0.004 -18"><span class='ocrx_word' id='word_1_157' title='bbox 649 693 679 746; x_wconf 80' lang='grc' dir='ltr'>δὲ·</span> <span class='ocrx_word' id='word_1_158' title='bbox 705 692 751 745; x_wconf 81' lang='grc' dir='ltr'>καὶ</span> <span class='ocrx_word' id='word_1_159' title='bbox 778 692 964 762; x_wconf 75' lang='grc' dir='ltr'>προστιθέντες</span> <span class='ocrx_word' id='word_1_160' title='bbox 991 693 1018 744; x_wconf 84' lang='grc' dir='ltr'>τά</span> <span class='ocrx_word' id='word_1_161' title='bbox 1044 692 1190 763; x_wconf 76' lang='grc' dir='ltr'><em>ἐλλειφθὲν</em></span> 
     </span>
     <span class='ocr_line' id='line_1_38' title="bbox 649 778 1190 851; baseline 0 -18"><span class='ocrx_word' id='word_1_162' title='bbox 649 780 832 849; x_wconf 76' lang='grc' dir='ltr'><em>ὑφ’Ἑλλὴνων</em></span> <span class='ocrx_word' id='word_1_163' title='bbox 841 787 973 851; x_wconf 85' lang='grc' dir='ltr'><em>στοιχεῖον</em></span> <span class='ocrx_word' id='word_1_164' title='bbox 981 778 1009 831; x_wconf 88' lang='grc' dir='ltr'>τὸ</span> <span class='ocrx_word' id='word_1_165' title='bbox 1020 786 1041 830; x_wconf 89' lang='grc' dir='ltr'><strong><em>Σ</em></strong></span> <span class='ocrx_word' id='word_1_166' title='bbox 1048 783 1190 849; x_wconf 84' lang='grc' dir='ltr'><em>τρανοῦσιν</em></span> 
     </span>
    </p>
   </div>
   <div class='ocr_carea' id='block_1_9' title="bbox 631 862 1190 936">
    <p class='ocr_par' dir='ltr' id='par_1_9' title="bbox 631 862 1190 936">
     <span class='ocr_line' id='line_1_39' title="bbox 631 862 1190 936; baseline -0.002 -17"><span class='ocrx_word' id='word_1_167' title='bbox 631 916 632 919; x_wconf 76' lang='grc'><strong>,</strong></span> <span class='ocrx_word' id='word_1_168' title='bbox 649 866 685 918; x_wconf 84' lang='grc' dir='ltr'>ἔτι</span> <span class='ocrx_word' id='word_1_169' title='bbox 702 867 805 936; x_wconf 81' lang='grc' dir='ltr'><em>μᾶλλον</em></span> <span class='ocrx_word' id='word_1_170' title='bbox 816 866 863 930; x_wconf 76' lang='grc' dir='ltr'>τὴν</span> <span class='ocrx_word' id='word_1_171' title='bbox 874 866 1003 936; x_wconf 82' lang='grc' dir='ltr'><em>ἔμφασιν,</em></span> <span class='ocrx_word' id='word_1_172' title='bbox 1024 862 1190 935; x_wconf 76' lang='grc' dir='ltr'><em>ἐτυμώτερον</em></span> 
     </span>
    </p>
   </div>
   <div class='ocr_carea' id='block_1_10' title="bbox 648 951 1190 1451">
    <p class='ocr_par' dir='ltr' id='par_1_10' title="bbox 648 951 1190 1191">
     <span class='ocr_line' id='line_1_40' title="bbox 649 951 1190 1022; baseline 0.006 -20"><span class='ocrx_word' id='word_1_173' title='bbox 649 969 747 1021; x_wconf 77' lang='grc' dir='ltr'><em>σεπτεμ</em></span> <span class='ocrx_word' id='word_1_174' title='bbox 780 952 1023 1022; x_wconf 74' lang='grc' dir='ltr'><em>προσαγορεύοντες</em></span> <span class='ocrx_word' id='word_1_175' title='bbox 1057 951 1111 1005; x_wconf 70' lang='lat' dir='ltr'>feno</span> <span class='ocrx_word' id='word_1_176' title='bbox 1144 955 1190 1005; x_wconf 78' lang='grc' dir='ltr'>τοῦ</span> 
     </span>
     <span class='ocr_line' id='line_1_41' title="bbox 649 1033 1190 1109; baseline 0.004 -21"><span class='ocrx_word' id='word_1_177' title='bbox 649 1041 756 1109; x_wconf 80' lang='grc' dir='ltr'><em>σεμνοῦ,</em></span> <span class='ocrx_word' id='word_1_178' title='bbox 784 1039 911 1108; x_wconf 85' lang='grc' dir='ltr'><em>καθάπερ</em></span> <span class='ocrx_word' id='word_1_179' title='bbox 937 1033 1047 1108; x_wconf 77' lang='grc' dir='ltr'><em>ἐλέχθη,</em></span> <span class='ocrx_word' id='word_1_180' title='bbox 1074 1038 1120 1090; x_wconf 86' lang='grc' dir='ltr'>καὶ</span> <span class='ocrx_word' id='word_1_181' title='bbox 1147 1055 1190 1090; x_wconf 85' lang='grc' dir='ltr'><em>σε·</em></span> 
     </span>
     <span class='ocr_line' id='line_1_42' title="bbox 648 1125 883 1191; baseline 0.004 -18"><span class='ocrx_word' id='word_1_182' title='bbox 648 1125 762 1191; x_wconf 76' lang='grc' dir='ltr'><em>βασμοῠ.</em></span> <span class='ocrx_word' id='word_1_183' title='bbox 882 1133 883 1136; x_wconf 77' lang='grc'>’</span> 
     </span>
    </p>

    <p class='ocr_par' dir='ltr' id='par_1_11' title="bbox 650 1209 1190 1451">
     <span class='ocr_line' id='line_1_43' title="bbox 683 1209 1189 1278; baseline 0.002 -17"><span class='ocrx_word' id='word_1_184' title='bbox 683 1210 769 1261; x_wconf 86' lang='lat' dir='ltr'>Anat.</span> <span class='ocrx_word' id='word_1_185' title='bbox 794 1212 902 1277; x_wconf 48' lang='grc'><strong>11936.</strong></span> <span class='ocrx_word' id='word_1_186' title='bbox 939 1211 1050 1278; x_wconf 78' lang='grc' dir='ltr'><em>Πλάτων</em></span> <span class='ocrx_word' id='word_1_187' title='bbox 1072 1209 1101 1274; x_wconf 76' lang='grc' dir='ltr'>ἐξ</span> <span class='ocrx_word' id='word_1_188' title='bbox 1122 1210 1189 1264; x_wconf 83' lang='grc' dir='ltr'><em>ἑπτά</em></span> 
     </span>
     <span class='ocr_line' id='line_1_44' title="bbox 650 1290 1190 1367; baseline 0.013 -23"><span class='ocrx_word' id='word_1_189' title='bbox 650 1290 779 1364; x_wconf 80' lang='grc' dir='ltr'><em>άριθμών</em></span> <span class='ocrx_word' id='word_1_190' title='bbox 805 1294 947 1361; x_wconf 78' lang='grc' dir='ltr'><em>συνέστησε</em></span> <span class='ocrx_word' id='word_1_191' title='bbox 971 1297 1017 1362; x_wconf 74' lang='grc' dir='ltr'>τήν</span> <span class='ocrx_word' id='word_1_192' title='bbox 1045 1296 1138 1367; x_wconf 66' lang='grc' dir='ltr'><em>ψυχήν</em></span> <span class='ocrx_word' id='word_1_193' title='bbox 1158 1296 1190 1351; x_wconf 74' lang='lat' dir='ltr'>tr</span> 
     </span>
     <span class='ocr_line' id='line_1_45' title="bbox 652 1381 760 1451; baseline 0.037 -20"><span class='ocrx_word' id='word_1_194' title='bbox 652 1381 760 1451; x_wconf 86' lang='grc' dir='ltr'><em>Τιμαίῳ.</em></span> 
     </span>
    </p>
   </div>
   <div class='ocr_carea' id='block_1_11' title="bbox 684 1725 1010 1793">
    <p class='ocr_par' dir='ltr' id='par_1_12' title="bbox 684 1725 1010 1793">
     <span class='ocr_line' id='line_1_46' title="bbox 684 1725 1010 1793; baseline 0.003 -15"><span class='ocrx_word' id='word_1_195' title='bbox 684 1743 733 1793; x_wconf 86' lang='lat' dir='ltr'>pg.</span> <span class='ocrx_word' id='word_1_196' title='bbox 752 1727 793 1781; x_wconf 86' lang='lat'>36.</span> <span class='ocrx_word' id='word_1_197' title='bbox 830 1727 960 1788; x_wconf 78' lang='grc' dir='ltr'>πλανῆται</span> <span class='ocrx_word' id='word_1_198' title='bbox 978 1725 1010 1788; x_wconf 91' lang='grc' dir='ltr'>ζ’.</span> 
     </span>
    </p>
   </div>
   <div class='ocr_carea' id='block_1_12' title="bbox 650 2069 1192 2226">
    <p class='ocr_par' dir='ltr' id='par_1_13' title="bbox 650 2069 1192 2226">
     <span class='ocr_line' id='line_1_47' title="bbox 684 2069 1191 2139; baseline -0.01 -14"><span class='ocrx_word' id='word_1_199' title='bbox 684 2074 779 2137; x_wconf 82' lang='lat' dir='ltr'>Philo,</span> <span class='ocrx_word' id='word_1_200' title='bbox 793 2089 841 2139; x_wconf 78' lang='lat' dir='ltr'>pg.</span> <span class='ocrx_word' id='word_1_201' title='bbox 854 2071 896 2136; x_wconf 68' lang='lat'>42,</span> <span class='ocrx_word' id='word_1_202' title='bbox 907 2074 947 2123; x_wconf 82' lang='lat'>15.</span> <span class='ocrx_word' id='word_1_203' title='bbox 971 2070 1043 2138; x_wconf 80' lang='grc' dir='ltr'><em>οἵγε</em></span> <span class='ocrx_word' id='word_1_204' title='bbox 1055 2069 1108 2139; x_wconf 75' lang='grc' dir='ltr'><strong>μη“1</strong></span> <span class='ocrx_word' id='word_1_205' title='bbox 1123 2069 1191 2121; x_wconf 78' lang='grc' dir='ltr'><em>πλά-</em></span> 
     </span>
     <span class='ocr_line' id='line_1_48' title="bbox 650 2155 1192 2226; baseline -0.006 -17"><span class='ocrx_word' id='word_1_206' title='bbox 650 2174 729 2223; x_wconf 88' lang='grc' dir='ltr'><em>νητες,</em></span> <span class='ocrx_word' id='word_1_207' title='bbox 748 2155 761 2218; x_wconf 74' lang='grc' dir='ltr'><em>ἡ</em></span> <span class='ocrx_word' id='word_1_208' title='bbox 781 2155 940 2225; x_wconf 84' lang='grc' dir='ltr'><em>άντίρροπος</em></span> <span class='ocrx_word' id='word_1_209' title='bbox 961 2155 1066 2226; x_wconf 86' lang='grc' dir='ltr'><em>στρατιά</em></span> <span class='ocrx_word' id='word_1_210' title='bbox 1083 2157 1192 2220; x_wconf 76' lang='grc' dir='ltr'><em>τῆςτιόν</em></span> 
     </span>
    </p>
   </div>
   <div class='ocr_carea' id='block_1_13' title="bbox 651 2237 1192 2314">
    <p class='ocr_par' dir='ltr' id='par_1_14' title="bbox 651 2237 1192 2314">
     <span class='ocr_line' id='line_1_49' title="bbox 651 2237 1192 2314; baseline -0.007 -18"><span class='ocrx_word' id='word_1_211' title='bbox 651 2240 781 2296; x_wconf 75' lang='grc' dir='ltr'><em>ἀπλανῶν</em></span> <span class='ocrx_word' id='word_1_212' title='bbox 794 2283 799 2294; x_wconf 90' lang='grc'><strong>.</strong></span> <span class='ocrx_word' id='word_1_213' title='bbox 811 2284 832 2294; x_wconf 92' lang='grc'>..</span> <span class='ocrx_word' id='word_1_214' title='bbox 847 2243 971 2306; x_wconf 88' lang='grc' dir='ltr'><em>πλείστην</em></span> <span class='ocrx_word' id='word_1_215' title='bbox 979 2237 1192 2314; x_wconf 68' lang='grc' dir='ltr'><em>ἐπιδεικνύμενοι</em></span> 
     </span>
    </p>
   </div>
   <div class='ocr_carea' id='block_1_14' title="bbox 650 2326 1192 2656">
    <p class='ocr_par' dir='ltr' id='par_1_15' title="bbox 650 2326 1191 2398">
     <span class='ocr_line' id='line_1_50' title="bbox 650 2326 1191 2398; baseline -0.006 -15"><span class='ocrx_word' id='word_1_216' title='bbox 650 2329 826 2398; x_wconf 73' lang='grc' dir='ltr'><em>συμπάθειαν</em></span> <span class='ocrx_word' id='word_1_217' title='bbox 835 2327 901 2397; x_wconf 79' lang='grc' dir='ltr'><em>πρὸς</em></span> <span class='ocrx_word' id='word_1_218' title='bbox 912 2326 980 2395; x_wconf 81' lang='grc' dir='ltr'><em>αἰἑρα</em></span> <span class='ocrx_word' id='word_1_219' title='bbox 990 2327 1036 2380; x_wconf 80' lang='grc' dir='ltr'>καὶ</span> <span class='ocrx_word' id='word_1_220' title='bbox 1045 2330 1104 2396; x_wconf 80' lang='grc' dir='ltr'><em>γῆν.</em></span> <span class='ocrx_word' id='word_1_221' title='bbox 1114 2347 1136 2381; x_wconf 87' lang='grc' dir='ltr'>κ.</span> <span class='ocrx_word' id='word_1_222' title='bbox 1144 2346 1162 2381; x_wconf 92' lang='grc' dir='ltr'>τ.</span> <span class='ocrx_word' id='word_1_223' title='bbox 1170 2328 1191 2380; x_wconf 90' lang='grc' dir='ltr'>λ.</span> 
     </span>
    </p>

    <p class='ocr_par' dir='ltr' id='par_1_16' title="bbox 651 2411 1192 2656">
     <span class='ocr_line' id='line_1_51' title="bbox 702 2411 1192 2483; baseline 0.002 -15"><span class='ocrx_word' id='word_1_224' title='bbox 702 2419 788 2469; x_wconf 81' lang='lat' dir='ltr'>Anat.</span> <span class='ocrx_word' id='word_1_225' title='bbox 820 2432 868 2482; x_wconf 80' lang='lat' dir='ltr'>pg.</span> <span class='ocrx_word' id='word_1_226' title='bbox 896 2416 937 2468; x_wconf 85' lang='lat'>37.</span> <span class='ocrx_word' id='word_1_227' title='bbox 991 2411 1045 2466; x_wconf 82' lang='grc' dir='ltr'>άπό</span> <span class='ocrx_word' id='word_1_228' title='bbox 1075 2413 1192 2483; x_wconf 82' lang='grc' dir='ltr'><em>μονάδος</em></span> 
     </span>
     <span class='ocr_line' id='line_1_52' title="bbox 651 2501 1170 2564; baseline 0 -11"><span class='ocrx_word' id='word_1_229' title='bbox 651 2501 786 2554; x_wconf 71' lang='grc' dir='ltr'><em>συντεθεὶς</em></span> <span class='ocrx_word' id='word_1_230' title='bbox 814 2501 827 2552; x_wconf 86' lang='grc' dir='ltr'>ὁ</span> <span class='ocrx_word' id='word_1_231' title='bbox 855 2501 879 2562; x_wconf 86' lang='grc' dir='ltr'>ζ’</span> <span class='ocrx_word' id='word_1_232' title='bbox 906 2507 979 2553; x_wconf 83' lang='grc' dir='ltr'><em>ποιεῖ</em></span> <span class='ocrx_word' id='word_1_233' title='bbox 1003 2501 1048 2551; x_wconf 79' lang='grc' dir='ltr'>τόν</span> <span class='ocrx_word' id='word_1_234' title='bbox 1074 2501 1116 2564; x_wconf 86' lang='grc' dir='ltr'>κη’</span> <span class='ocrx_word' id='word_1_235' title='bbox 1145 2543 1170 2554; x_wconf 91' lang='grc'>,.</span> 
     </span>
     <span class='ocr_line' id='line_1_53' title="bbox 652 2585 962 2656; baseline 0.006 -18"><span class='ocrx_word' id='word_1_236' title='bbox 652 2585 749 2656; x_wconf 71' lang='grc' dir='ltr'><em>ἡμέραι</em></span> <span class='ocrx_word' id='word_1_237' title='bbox 767 2587 874 2651; x_wconf 79' lang='grc' dir='ltr'><em>σελήνης</em></span> <span class='ocrx_word' id='word_1_238' title='bbox 892 2588 962 2655; x_wconf 63' lang='grc' dir='ltr'>κη’ἳ)</span> 
     </span>
    </p>
   </div>
   <div class='ocr_carea' id='block_1_15' title="bbox 654 3703 1196 4036">
    <p class='ocr_par' dir='ltr' id='par_1_17' title="bbox 654 3703 1196 4036">
     <span class='ocr_line' id='line_1_54' title="bbox 689 3703 1194 3776; baseline 0.004 -20"><span class='ocrx_word' id='word_1_239' title='bbox 689 3708 751 3757; x_wconf 86' lang='grc' dir='ltr'>καθ’</span> <span class='ocrx_word' id='word_1_240' title='bbox 775 3703 928 3776; x_wconf 80' lang='grc' dir='ltr'><em>ἑβδομάδας</em></span> <span class='ocrx_word' id='word_1_241' title='bbox 949 3708 1194 3776; x_wconf 82' lang='grc' dir='ltr'><em>συμπληρωθεῐσαι.</em></span> 
     </span>
     <span class='ocr_line' id='line_1_55' title="bbox 657 3793 1195 3861; baseline 0.006 -17"><span class='ocrx_word' id='word_1_242' title='bbox 657 3793 739 3845; x_wconf 83' lang='lat' dir='ltr'>idem</span> <span class='ocrx_word' id='word_1_243' title='bbox 750 3793 1195 3861; x_wconf 79' lang='lat' dir='ltr'>accurati-usTheopg.103‚193)</span> 
     </span>
     <span class='ocr_line' id='line_1_56' title="bbox 654 3876 1196 3950; baseline 0.009 -22"><span class='ocrx_word' id='word_1_244' title='bbox 654 3878 710 3945; x_wconf 62' lang='grc' dir='ltr'>μην</span> <span class='ocrx_word' id='word_1_245' title='bbox 736 3876 767 3930; x_wconf 83' lang='grc' dir='ltr'>δὲ</span> <span class='ocrx_word' id='word_1_246' title='bbox 796 3879 859 3928; x_wconf 77' lang='grc' dir='ltr'><em>καθ’</em></span> <span class='ocrx_word' id='word_1_247' title='bbox 887 3876 1039 3948; x_wconf 78' lang='grc' dir='ltr'><em>ἑβδομάδας</em></span> <span class='ocrx_word' id='word_1_248' title='bbox 1068 3877 1196 3950; x_wconf 81' lang='grc' dir='ltr'><em>τέσσαρας</em></span> 
     </span>
     <span class='ocr_line' id='line_1_57' title="bbox 654 3962 1196 4036; baseline 0.004 -22"><span class='ocrx_word' id='word_1_249' title='bbox 654 3964 863 4032; x_wconf 83' lang='grc' dir='ltr'><em>συμπληροῦτοι,</em></span> <span class='ocrx_word' id='word_1_250' title='bbox 886 3965 918 4033; x_wconf 76' lang='grc' dir='ltr'>τῇ</span> <span class='ocrx_word' id='word_1_251' title='bbox 938 3962 991 4033; x_wconf 84' lang='grc' dir='ltr'>μὲν</span> <span class='ocrx_word' id='word_1_252' title='bbox 1012 3964 1102 4036; x_wconf 77' lang='grc' dir='ltr'><em>πρώτη</em></span> <span class='ocrx_word' id='word_1_253' title='bbox 1120 3964 1196 4034; x_wconf 67' lang='grc' dir='ltr'><em>ἑβδο-</em></span> 
     </span>
    </p>
   </div>
   <div class='ocr_carea' id='block_1_16' title="bbox 149 4238 839 4393">
    <p class='ocr_par' dir='ltr' id='par_1_18' title="bbox 149 4238 839 4393">
     <span class='ocr_line' id='line_1_58' title="bbox 150 4238 839 4307; baseline 0.001 -17"><span class='ocrx_word' id='word_1_254' title='bbox 150 4238 172 4306; x_wconf 81' lang='lat'>2)</span> <span class='ocrx_word' id='word_1_255' title='bbox 189 4239 389 4304; x_wconf 79' lang='lat' dir='ltr'>Explanatius</span> <span class='ocrx_word' id='word_1_256' title='bbox 408 4240 464 4291; x_wconf 88' lang='lat' dir='ltr'>hoc</span> <span class='ocrx_word' id='word_1_257' title='bbox 483 4241 575 4291; x_wconf 81' lang='lat' dir='ltr'>refert</span> <span class='ocrx_word' id='word_1_258' title='bbox 593 4240 678 4291; x_wconf 88' lang='lat' dir='ltr'>Philo</span> <span class='ocrx_word' id='word_1_259' title='bbox 696 4255 744 4307; x_wconf 87' lang='lat' dir='ltr'>pg.</span> <span class='ocrx_word' id='word_1_260' title='bbox 764 4240 805 4304; x_wconf 85' lang='lat'>37,</span> <span class='ocrx_word' id='word_1_261' title='bbox 816 4240 839 4291; x_wconf 85' lang='lat'>7.</span> 
     </span>
     <span class='ocr_line' id='line_1_59' title="bbox 149 4323 697 4393; baseline -0.002 -16"><span class='ocrx_word' id='word_1_262' title='bbox 149 4324 169 4393; x_wconf 71' lang='grc' dir='ltr'>Β)</span> <span class='ocrx_word' id='word_1_263' title='bbox 189 4323 298 4377; x_wconf 78' lang='lat' dir='ltr'>Confer</span> <span class='ocrx_word' id='word_1_264' title='bbox 317 4326 405 4376; x_wconf 88' lang='lat' dir='ltr'>etiam</span> <span class='ocrx_word' id='word_1_265' title='bbox 425 4326 519 4376; x_wconf 88' lang='lat' dir='ltr'>Philo.</span> <span class='ocrx_word' id='word_1_266' title='bbox 537 4340 586 4390; x_wconf 82' lang='lat' dir='ltr'>pg.</span> <span class='ocrx_word' id='word_1_267' title='bbox 605 4325 697 4388; x_wconf 67' lang='grc'><strong>3114.</strong></span> 
     </span>
    </p>
   </div>
   <div class='ocr_carea' id='block_1_17' title="bbox 0 0 1472 5004">
    <p class='ocr_par' dir='ltr' id='par_1_19' title="bbox 0 0 1472 5004">
     <span class='ocr_line' id='line_1_60' title="bbox 0 0 1472 5004; baseline 0 0"><span class='ocrx_word' id='word_1_268' title='bbox 0 0 1472 5004; x_wconf 95' lang='lat' dir='ltr'> </span> 
     </span>
    </p>
   </div>
  </div>
 </body>
</html>
