2916 5004
621 392 813 451 ..7-

347 575 492 628 Philonis.

149 676 279 744 σθέντων,
309 677 388 746 κύβος
416 674 448 730 δὲ
476 677 613 747 τεσσάρων
647 675 692 730 έπί

147 762 264 832 τέσσαρα
289 764 413 833 τετράκις.
440 763 487 816 καὶ
513 763 594 817 πάλιν
621 762 635 815 ὅ
662 758 692 818 ἕν

147 850 313 917 τριπλασίονι
334 850 404 921 λόγῳ
430 849 612 918 παραυξηθεὶς
638 845 691 903 άπδ

147 934 267 1003 μονάδος
284 933 404 1007 ἕβδομος,
424 935 438 990 ὅ
456 934 600 989 ἑπτακόσια
621 934 691 990 εἰκο-

148 1020 262 1086 σιεννία,
281 1023 445 1093 τετράγωνος
461 1022 516 1095 μὲν
528 1024 691 1076 πολυπλασι-

149 1104 278 1163 ασθέντος
299 1103 337 1178 ἕω
366 1109 447 1163 αύτδν
473 1111 519 1163 τοῦ
548 1107 616 1162 ἑπτά
644 1109 691 1161 καὶ

146 1195 237 1260 είκοσι,
257 1195 335 1264 κύβος
353 1194 384 1249 δὲ
401 1197 446 1249 τοῦ
458 1190 540 1250 ἐννέα
551 1190 597 1266 ἐφ’
612 1195 692 1248 αύτὸν

147 1274 265 1337 ἐννάκις·
293 1281 339 1334 καὶ
367 1277 410 1334 άεὶ
436 1283 481 1334 τδν
498 1278 615 1350 ἕβδομον
633 1301 691 1334 ποι-

149 1367 263 1437 ούμενός
280 1387 316 1423 τις
334 1363 393 1420 άντὶ
410 1367 528 1438 μονάδος
543 1366 633 1437 άρχνὶν
644 1367 691 1420 καὶ

148 1455 296 1523 παραύξων
308 1454 374 1508 κατά
386 1453 433 1518 τήν
446 1453 530 1517 αύτὴν
542 1453 691 1522 ἀναλογίαν

149 1540 230 1610 άχρις
247 1540 395 1612 ἑβδομάδος
410 1538 517 1607 εύρήσει
530 1539 635 1596 πάντως
646 1540 691 1592 τδν

147 1624 356 1695 παραυξηθέντα
382 1625 465 1695 κύβον
492 1643 517 1679 τε
536 1626 582 1679 καὶ
599 1627 689 1697 τετρά-

146 1728 250 1778 γωνον·
290 1708 344 1764 άπδ
380 1714 448 1782 γοῦν
476 1715 522 1766 τοῦ
551 1711 689 1778 ἑξηκοντα-

145 1795 264 1868 τέσσαρα
292 1797 305 1850 δ
332 1798 468 1856 συντεθεὶς
490 1799 522 1854 έν
539 1799 689 1852 διπλασίονι

146 1882 217 1955 λόγῳ
235 1883 359 1952 γεννήσει
376 1883 493 1958 ἕβδομον
504 1886 550 1938 τδν
560 1901 690 1954 τετρακισ-

144 1970 223 2038 χίλια
240 1971 287 2025 καὶ
304 1969 499 2038 ὲνενηκονταέξ,
522 1971 691 2041 τετράγωνον

146 2054 216 2123 ὁμοῦ
245 2055 293 2108 καί
323 2057 413 2127 κύβον,
443 2057 609 2128 τετράγωνον
637 2054 691 2128 μέν

779 843 833 900 άπδ
841 848 959 918 μονάδος
972 850 995 913 ζ’
1009 849 1124 920 ἀριθμοὶ
1134 843 1165 903 ἒν
1177 851 1284 920 τριπλα-

743 934 813 987 σίονι
838 933 908 1005 λόγῳ
935 932 1163 1005 προσαυξηθέντες
1181 938 1286 989 ποιοῦσι

742 1019 908 1090 τετράγωνον
937 1020 984 1073 καὶ
1013 1021 1097 1091 κύβον
1127 1022 1172 1075 τὸν
1203 1021 1284 1087 ψκθ’,

741 1105 907 1175 τετράγωνον
925 1101 956 1160 έκ
973 1109 1018 1160 τοῦ
1030 1106 1080 1174 κζ’,
1099 1107 1180 1178 κύβον
1197 1102 1228 1162 ἐκ
1239 1109 1286 1159 τού

742 1192 782 1258 θ’,
811 1189 903 1248 οὕτως·
932 1192 960 1244 α’
982 1193 1011 1262 γ’
1034 1193 1064 1245 θ’
1088 1194 1130 1256 κζ’
1149 1194 1198 1246 πα’
1217 1193 1284 1264 σμγ’

743 1277 823 1343 ψκθ’.
850 1278 896 1331 καὶ
923 1274 965 1330 άεί
993 1278 1007 1330 ὁ
1035 1279 1058 1342 ζ’
1087 1281 1235 1349 παρυύξων
1257 1280 1285 1332 τδ

743 1361 837 1432 ὅμοιον
853 1371 932 1417 ποιεῖ.

778 1704 831 1761 άπδ
850 1707 967 1777 γάρτοῦ
984 1708 1025 1770 ξδ’
1045 1707 1058 1759 ὅ
1078 1709 1100 1771 ζ’
1120 1707 1150 1761 έν
1162 1708 1285 1762 διπλασί-

742 1815 783 1847 ονι
809 1795 957 1862 παραύξων
981 1794 1065 1862 κύβον
1092 1793 1146 1846 άπδ
1172 1797 1217 1847 τοῦ
1247 1795 1283 1853 ις’

740 1883 831 1950 (ποιεῖ,
850 1880 1017 1950 τετράγωνον
1036 1877 1090 1933 άπδ
1108 1883 1155 1933 τοῦ
1172 1881 1247 1947 ξδ’ἶῖ)

146 2136 229 2193 αύτδν
247 2144 367 2213 πλευράν
384 2143 483 2213 ἔχοντα
493 2145 540 2197 τδν
551 2142 690 2207 ἑξηκοντα-
768 2152 771 2157 “

144 2224 261 2297 τέσσαρα
279 2229 360 2298 κύβον
379 2227 410 2282 δὲ
426 2229 473 2282 τδν
492 2228 644 2283 ἑκκαίδεκα.

181 2415 349 2486 Μεταβατὲον
377 2417 408 2472 δέ
432 2418 479 2471 καὶ
505 2414 552 2474 ἐπὶ
573 2418 691 2488 θάτερον

146 2502 296 2573 ἑβδομάδος
313 2501 384 2561 εἶδος
401 2505 430 2558 τδ
446 2506 643 2576 περιεχόμενον
660 2503 691 2557 έν

146 2587 247 2654 δεκάδι,
277 2591 440 2660 θαυμαστὴν
471 2592 690 2662 ἐπιδεικνύμενον

146 2674 194 2727 καὶ
230 2672 277 2728 ούκ
310 2671 437 2730 ἐλάττονα
476 2680 521 2730 τού
560 2675 689 2747 προτέρου

147 2761 233 2830 φύσιν
314 2763 346 2814 τά
365 2761 396 2817 δὲ
412 2761 529 2833 τέσσαρα
547 2763 613 2833 πρδς
630 2763 690 2833 τρία

145 2849 194 2911 τήν
211 2848 319 2917 πρώτην
337 2847 474 2919 άρμονίαν
502 2844 626 2902 άποτελεῐ
642 2850 690 2910 τῆν

147 2934 287 3003 ἐπίτριτον,
306 2931 359 3000 ἥτις
375 2933 431 2989 ἐστὶ
449 2935 493 2988 διά
511 2936 655 3006 τεσσάρων.

179 3017 371 3075 Ἐπιδείκνυται
393 3019 423 3074 δὲ
436 3021 481 3075 καὶ
493 3020 584 3092 ἕτερον
596 3022 690 3077 κάλλος

149 3105 228 3172 αὐτῆς
245 3106 362 3179 ἑβδομάς
380 3149 427 3162 ...

182 3195 209 3245 w*
245 3191 415 3264 ὀρθογώνιον
449 3194 589 3264 τρίγωνον,
622 3192 689 3263 ὅπερ

146 3280 219 3333 ἐστὶν
237 3280 309 3351 άρχή
328 3282 479 3347 ποιοτήτων,
505 3278 535 3341 ἐξ
561 3274 698 3350 άριθμῶνΙ

147 3365 289 3432 συνέστηκε
306 3369 353 3421 τού
368 3367 429 3437 τρία
446 3365 492 3418 καὶ
510 3363 627 3436 τέσσαρα
643 3364 688 3418 καὶ

148 3451 239 3506 πέντε·
258 3453 289 3506 τά
308 3451 339 3506 δὲ
350 3452 411 3523 τρία
422 3453 469 3506 καὶ
480 3449 605 3521 τέσσαρα,
619 3449 689 3519 άπερ

148 3534 221 3593 ἐστὶν
247 3538 396 3611 ἑβδομάδος
423 3534 509 3603 ούσία,
535 3538 583 3602 τήν
603 3532 691 3607 ὀρθάν

147 3627 254 3695 γωνίαν
280 3621 406 3679 άποτελεῖ
432 3664 479 3681 ...
508 3625 608 3694 (latius
638 3638 689 3677 ex·

148 3713 288 3780 plicatur)
390 3713 500 3764 Τοσοῦτο
530 3704 588 3764 δ’ἑν
616 3707 689 3779 ἑβδο

147 3797 216 3866 μάδι
242 3796 365 3869 πέφυκεν
388 3792 460 3849 είναι
476 3795 504 3848 τὸ
523 3792 689 3865 ίεροπρεπέε,

150 3881 210 3936 ὥστ’
228 3878 364 3953 ἐξαίρετον
382 3881 439 3951 ἔχει
453 3880 533 3950 λόγον
545 3881 620 3951 παρά
633 3881 691 3939 τούς

149 3968 180 4022 έν
195 3969 288 4022 δεκάδι
300 3970 401 4024 πάντας
413 3965 558 4039 ἀριθμούς·
577 3965 691 4021 ἐκείνων

148 4054 203 4123 γάρ
223 4055 248 4106 οἱ
264 4053 317 4123 μὲν
329 4057 461 4124 γεννῶσιν
473 4049 505 4107 ού
516 4053 690 4125 γεννῶμενοι,

149 4142 175 4194 οἱ
202 4138 244 4193 δὲ’
259 4145 405 4211 γεννῶνται
430 4138 491 4211 μέν,
519 4135 550 4193 ού
576 4143 693 4209 γεννῶσι

149 4224 188 4293 δέ,
217 4228 243 4280 οἱ
260 4229 431 4300 δἀμφύτερα
448 4227 495 4280 καὶ
513 4230 629 4296 γεννῶσι
646 4228 692 4280 καὶ

148 4300 309 4387 γεννῶνται·
322 4314 392 4387 μόνη
406 4312 549 4385 δ’έβδομάς
558 4308 588 4369 ἑν
601 4309 691 4368 ούδενὶ

742 2757 845 2828 λέγεται
864 2758 877 2810 δ
896 2759 920 2822 ζ’
938 2762 981 2826 τῆς
998 2761 1102 2829 πρῶτος
1121 2762 1284 2831 συμφωνίας

742 2845 861 2915 άριθμὸς
878 2842 950 2900 εἶναι
965 2849 1009 2912 τῆς
1027 2848 1071 2900 διά
1090 2847 1124 2914 δ,
1145 2891 1150 2901 .
1167 2886 1192 2900 ..

775 3194 820 3244 τοῦ
847 3193 1018 3262 πρωτοτύπου
1043 3188 1211 3262 ὀρθογωνίου
1228 3210 1283 3262 τρι-

741 3277 830 3346 γοίνου
857 3277 871 3331 ὃ
899 3279 923 3341 ζ’
948 3276 1069 3348 περιέχει
1094 3276 1139 3332 τάς
1157 3278 1219 3348 περὶ
1236 3278 1284 3342 τήν

741 3360 829 3433 ὀρθήν
854 3364 960 3432 γωνίαν
988 3363 1115 3435 πλευράς
1146 3365 1199 3416 τῶν
1228 3364 1283 3432 γάρ

741 3452 867 3521 πλευραῖν
884 3450 899 3515 ἦ
916 3449 970 3519 μὲν
988 3450 1023 3516 δ’,
1043 3450 1058 3514 ἦ
1077 3449 1108 3504 δὲ
1126 3449 1161 3519 γ’.

743 3966 860 4039 ἑβδομδς
877 3968 946 4038 μόνη
964 3970 1019 4020 τῶν
1036 3963 1109 4024 έντδς
1127 3968 1238 4023 δεκάδος
1253 3963 1283 4021 οὐ

743 4055 829 4124 γεννᾷ
864 4050 928 4108 ούδὲ
962 4055 1090 4124 γεννᾶται
1124 4051 1169 4106 ὑπ’
1207 4054 1287 4107 άλλου

745 4135 867 4210 άριθμοῦ
885 4139 955 4203 πλήν
973 4137 1025 4193 ύπδ
1036 4139 1167 4209 μονάδος·
1187 4139 1228 4192 διδ
1240 4139 1289 4192 καί

744 4226 862 4278 καλεῖται
880 4225 999 4279 ύπδτῶν
1011 4226 1209 4296 Πυθαγορείων
1221 4246 1290 4295 παρ-

745 4311 825 4369 θένος
843 4311 964 4384 ἀμήτωρ·
991 4313 1045 4364 τῶν
1071 4309 1103 4365 δὲ
1126 4310 1215 4364 ἄλλων
1233 4313 1288 4364 τῶν
