2924 5002
617 358 832 417 „32-

161 544 292 609 duabus
315 554 425 608 autem
447 534 641 623 'primigenis
658 543 835 607 cantilenis
858 542 1076 607 diatessaron
1093 546 1127 607 et
1145 541 1276 623 diapente

161 654 294 713 constat
316 646 479 727 diapason
503 647 711 727 symphonia,
735 647 829 711 errius
852 647 939 711 ratio
961 647 996 711 in
1018 645 1150 727 duplici
1171 647 1278 725 quanti·

162 757 231 816 tate
253 751 363 832 posita
386 750 574 814 invenitur“
599 747 726 828 (Chalc.
751 770 803 834 pg.
824 755 895 828 113,
908 746 951 832 2).
991 748 1121 832 Quare,
1148 750 1280 830 quonian

164 859 224 919 192
247 873 420 919 numerum
443 853 584 934 primum
610 872 683 918 esse
701 873 718 917 e
735 854 888 919 Platonis
907 853 1019 918 verbis
1035 858 1281 919 consentaneum

161 964 223 1023 est.
246 957 370 1038 statim,
398 957 484 1037 qued
502 956 663 1037 diapason
682 958 882 1040 symphonia
900 957 953 1036 „in
970 956 1098 1038 duplici
1113 956 1282 1037 quantitate

160 1061 270 1142 posita
293 1060 496 1139 iuvenitur“‚
519 1068 679 1140 posucrat
702 1061 866 1141 duplicem
889 1060 986 1141 primi
1010 1061 1031 1125 i.
1048 1079 1080 1125 e.
1104 1064 1183 1125 384.
1224 1058 1283 1140 Qui·

161 1164 222 1229 bus
246 1164 382 1230 statutis
406 1165 553 1244 reliquos
576 1164 760 1229 rationibus
792 1165 971 1243 postulatis
994 1163 1128 1229 scilicet
1153 1162 1284 1246 epogdoi

161 1268 269 1348 epitri,
293 1269 506 1349 sescuplaris
531 1268 698 1347 limmatis,
720 1268 988 1334 accommodatos
1005 1287 1171 1333 numeros
1187 1266 1284 1331 effeee

161 1377 214 1436 rat
236 1379 270 1436 et
287 1373 541 1452 explauarerat
565 1371 596 1436 id
613 1372 699 1453 qued
716 1371 939 1453 descriptione
956 1391 977 1437 a
993 1369 1176 1438 Chalcidio
1192 1368 1286 1435 addita

161 1475 408 1556 comprobatur.

248 1577 440 1658 Sequuntur
463 1577 528 1661 (pg.
545 1584 723 1659 tlh-123,
736 1579 768 1661 5)
788 1579 945 1644 nonnulla
962 1578 1005 1643 ad
1022 1577 1178 1643 animam
1193 1575 1285 1642 mundi

160 1682 364 1762 pertinentia
398 1683 586 1762 aTheone
622 1683 741 1769 quippe
776 1702 863 1764 quae
888 1689 1015 1747 certum
1038 1681 1176 1746 Timaei
1199 1681 1286 1746 locun

159 1785 337 1865 illustrent,
377 1785 509 1865 banasa,
553 1805 637 1866 quae
681 1787 923 1852 concluduntur
965 1784 1120 1850 doctrina
1160 1784 1287 1865 quadan

164 1894 296 1968 „sectae
320 1887 518 1954 sanctioris“
543 1889 563 1952 i.
581 1908 607 1952 e.
632 1888 797 1968 iudaicae,
821 1909 908 1969 quae
932 1895 986 1955 cst
1008 1888 1050 1954 de
1064 1888 1288 1969 procreatione

161 1992 312 2058 hominis.

247 2096 441 2161 Instituitur
454 2116 474 2160 a
487 2096 658 2162 Chalcidio
670 2103 739 2162 tum
753 2115 842 2161 nova
854 2096 1038 2177 disputatio
1051 2093 1120 2179 (pg.
1130 2099 1196 2160 123
1209 2093 1289 2175 seat

162 2218 229 2280 qua
252 2199 365 2282 agitur
388 2199 428 2264 de
452 2200 558 2264 stellis
581 2201 664 2264 ratis
689 2208 723 2265 et
746 2200 946 2265 errantibus.
991 2197 1103 2280 Quam
1127 2196 1289 2279 usquead

161 2322 215 2385 pg.
234 2306 306 2383 162,
321 2307 361 2366 10
377 2321 562 2383 congruere
579 2322 651 2368 eum
669 2304 720 2383 iis
748 2322 835 2383 quae
853 2304 1010 2387 leguntur
1026 2301 1118 2383 apud
1133 2303 1290 2368 Theonem

160 2427 213 2490 pg.
240 2412 452 2486 luo-luas
488 2426 528 2470 cx
552 2407 700 2472 Adrasto
735 2411 877 2486 sumpta,
911 2407 978 2472 iam
1013 2405 1099 2471 vidit
1122 2406 1290 2471 Martinus.

160 2511 281 2591 Itaque
318 2511 467 2591 exceptis
500 2511 552 2590 iis,
587 2530 675 2591 quae
710 2511 844 2575 exhibet
878 2511 969 2575 Theo
1004 2528 1058 2593 pg.
1087 2513 1131 2574 72
1155 2528 1231 2590 sqq.
1262 2508 1292 2573 de

161 2614 359 2692 rationibus,
395 2614 435 2678 de
458 2615 739 2694 proportionibus
774 2614 814 2678 de
838 2612 1084 2693 medietatibus
1113 2618 1292 2694 quaesunt

160 2718 331 2784 interioris
354 2719 614 2784 mathematicae
638 2719 845 2798 disciplinae,
881 2717 992 2783 emma
1015 2717 1121 2783 habet
1144 2717 1293 2784 continua

162 2821 366 2902 Chalcidius⁷
390 2841 477 2902 quae
501 2822 641 2888 Adrasti
667 2841 741 2888 esse
765 2825 856 2887 Theo
879 2823 951 2902 ipse
974 2821 1163 2902 profitetur.

248 2926 297 2990 At
319 2944 400 2990 vero
424 2945 520 3006 quam
546 2932 618 2991 arte
643 2931 744 3007 atque
770 2927 868 2991 anxie
891 2925 1055 3006 presserit
1080 2943 1144 3004 per
1159 2924 1292 3005 quadra·

163 3029 258 3113 ginta
282 3029 425 3110 quinque
449 3028 552 3094 ferme
576 3030 689 3110 capita
714 3030 860 3094 auctoris
877 3029 939 3107 sui,
964 3027 1059 3093 cuius
1075 3028 1293 3108 expositiones

162 3132 296 3198 minime
319 3133 495 3212 intellexit,
518 3134 666 3216 vestigia
689 3131 893 3211 Chalcidius,
922 3130 1143 3214 cognovimus
1156 3132 1190 3213 ¹).
1237 3131 1293 3195 lta·

163 3256 227 3317 que
252 3235 291 3300 de
316 3237 454 3316 reliquis
477 3237 553 3301 libri
577 3236 743 3318 capitibus
769 3235 890 3316 duplex
907 3240 960 3300 est
976 3233 1184 3299 coniectura.
1221 3234 1293 3298 Nan

163 3359 236 3404 cunr
273 3359 379 3419 neme,
414 3341 480 3419 qui,
513 3359 611 3421 (luam
634 3330 835 3422 intellegens
860 3341 961 3417 atque
986 3336 1039 3402 sui
1062 3336 1182 3401 iudicii
1206 3335 1294 3403 fuerit

163 3442 366 3522 Chalcidius
402 3442 533 3522 viderit,
570 3443 702 3507 tuturus
737 3443 789 3521 sit,
824 3442 880 3521 qui
910 3441 1053 3505 affirmet
1076 3439 1191 3520 ipsum
1213 3439 1292 3505 illum

164 3546 205 3611 ad
229 3547 380 3628 singulos
398 3547 593 3612 Platonicos
618 3547 708 3611 loces
731 3544 949 3610 illustrandos
966 3546 1061 3623 haee,
1088 3561 1180 3624 quae
1198 3542 1298 3619 affert„

164 3649 419 3730 conquisivisse,
455 3657 512 3714 aut
547 3670 588 3713 ex
623 3649 737 3714 eodem
763 3649 913 3714 Adrasto
948 3666 1023 3712 eum
1047 3646 1151 3711 etiam
1174 3647 1294 3728 reliqua

164 3752 409 3834 deprompsisse
433 3790 475 3796 —
498 3754 596 3833 quod,
621 3773 696 3817 cnm
713 3753 795 3817 liber
812 3758 902 3817 esset
918 3751 1106 3815 destinatus
1123 3751 1294 3817 lectoribus

252 3941 270 4007 ¹)
291 3941 377 4004 Quod
405 3942 443 3992 ad
470 3942 686 3994 illustramlum
711 3942 799 3991 etiam
819 3940 904 4002 valet,
925 3939 1005 4004 qued
1024 3952 1112 4004 saepe
1133 3937 1294 3991 Chalcidice

164 4027 197 4079 in
224 4031 308 4079 textu
337 4042 427 4093 quem
456 4028 562 4079 dicunt
590 4032 617 4080 et
644 4027 854 4079 commentario
874 4026 978 4077 eadem
998 4023 1130 4077 Platonis
1149 4025 1244 4078 verba
1260 4023 1293 4076 di·

165 4114 261 4165 versis
280 4114 381 4166 reddit
399 4114 565 4176 vocabulis,
591 4114 669 4179 quod
690 4113 841 4178 explicare
860 4127 919 4162 non
940 4124 1102 4175 possumus
1120 4110 1185 4163 n'xsi
1204 4110 1295 4164 statui-

165 4214 232 4251 mus
244 4200 330 4265 prius
345 4201 470 4251 vertisse
483 4201 569 4251 illum
585 4199 737 4264 dialogum
750 4199 859 4263 ipsum,
870 4200 981 4262 postea,
993 4210 1060 4247 oum
1072 4197 1297 4251 commentarios

169 4286 374 4350 transferebat,
394 4287 482 4337 etiam
502 4286 633 4337 Platonis
654 4285 745 4335 verba
762 4285 876 4335 inserta
896 4284 994 4334 denuo
1013 4282 1211 4337 convertisse.
