2924 5002
731 432 946 491 ..66-

217 606 220 611 ’
272 615 426 696 quamvis
462 616 530 680 veri
567 615 720 679 similiter
750 621 861 680 tamen
886 617 1087 681 couieeimus
1110 616 1339 681 tantummodo
1364 616 1410 681 ad

272 718 486 784 Posidonium
521 737 596 783 esse
630 718 838 783 referendam
862 719 952 783 illam
977 720 1017 784 de
1042 720 1188 785 numeris
1212 719 1412 799 doctrinam,

273 821 383 887 reddit
405 841 521 887 verum
546 822 637 885 Theo
660 841 735 886 eum
757 821 873 886 scribit
895 822 906 902 (
932 842 961 905 g.
982 825 1133 902 103,16):
1168 822 1341 905 ἐσόμενος
1373 821 1412 887 de

273 931 315 1009 τῇ
344 926 444 1008 φύσει
471 925 530 989 καὶ
558 924 576 989 ὁ
599 923 750 989 Πλάτων
778 924 814 1006 ἐξ
840 924 929 990 ἑπτὰ
956 924 1120 1008 ἀριθμῶν
1143 927 1321 1009 συνίστησι
1345 926 1413 1009 τὴν

273 1029 390 1111 ψυχὴν
423 1029 460 1093 ἐν
494 1034 543 1112 τῷ
571 1027 713 1110 Τιμαίῳ.
752 1029 859 1111 ἡμέρα
884 1028 949 1111 μὲν
972 1027 1034 1110 γὰρ
1058 1030 1117 1094 καὶ
1139 1028 1210 1111 νύξ,
1234 1029 1286 1110 ὥς
1310 1051 1413 1113 φησι

272 1129 564 1212 Ποσειδώνιος,
588 1128 710 1214 ἀρτίου
733 1133 792 1196 καὶ
815 1136 978 1214 περισσοῦ
1003 1133 1108 1216 φύσιν
1131 1132 1254 1216 ἔχουσι.

360 1237 430 1301 Iam
457 1255 536 1301 vero
560 1255 695 1317 possum
719 1235 872 1301 omnibus
896 1237 1099 1316 auctoribus
1130 1237 1169 1302 de
1194 1237 1315 1318 quibus
1341 1238 1412 1320 egi-

275 1359 357 1420 muS,
391 1340 480 1405 inter
513 1359 548 1405 se
583 1339 786 1420 comparatis
816 1339 1012 1420 disquirere,
1037 1360 1122 1422 quae
1146 1341 1318 1406 Posidonii
1343 1341 1413 1405 sint

273 1445 419 1524 propria,
454 1462 539 1524 quae
573 1443 636 1524 ipsi
661 1442 851 1507 addiderint
873 1443 1007 1526 singuli,
1038 1443 1096 1508 sed
1121 1463 1186 1508 non
1210 1450 1263 1510 est
1285 1465 1413 1526 operae

275 1546 425 1626 pretium.
477 1548 549 1612 Hoc
587 1546 660 1611 dico
699 1545 872 1611 Philonem
912 1555 945 1612 et
984 1547 1178 1613 Anatolium
1218 1546 1413 1613 fidelissime

257 1642 380 1715 ”rideri
405 1669 561 1717 servasse
577 1649 807 1716 Posidoniana
831 1651 945 1730 verba,
972 1651 1020 1715 ita
1042 1650 1255 1716 utIudaeum
1279 1651 1313 1715 in
1339 1652 1414 1717 uni·

276 1773 410 1819 versum
434 1760 506 1818 arte
529 1755 693 1834 pressisse
718 1754 918 1834 exemplaris
942 1753 1097 1837 vestigia,
1122 1754 1315 1819 Anatolium
1344 1775 1414 1820 non

276 1858 384 1922 minus
401 1868 570 1936 accurate,
593 1856 652 1921 sed
669 1856 875 1936 brevissime,
899 1876 986 1938 quae
1001 1857 1205 1937 inveniebat,
1221 1857 1414 1924 reddidisse

276 1980 441 2025 censeam.
488 1962 560 2026 Nee
582 1965 695 2043 potest
717 1979 792 2026 esse
816 1961 945 2041 mirum,
980 1961 1067 2042 quod
1095 1961 1195 2027 etiam
1219 1961 1273 2027 hic
1296 1967 1415 2027 aetate

275 2070 370 2129 tanto
394 2064 532 2129 inferior
556 2065 626 2144 ipso
650 2082 731 2130 usus
755 2069 807 2129 est
822 2064 1014 2143 Posidonio,
1038 2084 1112 2130 cum
1134 2064 1417 2131 Alexandriae

276 2168 377 2233 fuerit
412 2168 581 2251 magister,
616 2167 671 2233 ubi
705 2167 796 2232 facili
830 2173 904 2232 erat
938 2168 968 2233 ei
1004 2167 1080 2234 usui
1107 2167 1264 2233 librorum
1288 2187 1418 2252 magna

276 2272 382 2354 copia.

361 2376 481 2460 Longa
505 2380 578 2440 erat
601 2381 701 2456 atque
726 2374 920 2440 difficillima
937 2375 1002 2454 via,
1026 2393 1127 2455 quam
1142 2373 1418 2458 peragravimus,

277 2485 314 2545 ut
347 2479 602 2545 succederemus
636 2479 670 2543 in
705 2479 856 2544 arduum.
902 2478 1011 2544 Multa
1045 2484 1141 2543 erant
1175 2477 1325 2544 tollenda
1352 2479 1417 2543 im-

277 2582 478 2663 pedimenta,
514 2584 618 2648 multa
651 2579 828 2666 purganda
856 2583 993 2663 rudera3
1029 2581 1088 2647 sed
1111 2601 1176 2647 non
1200 2582 1327 2647 inutilis
1350 2582 1419 2648 fuit

277 2686 382 2752 labor.
427 2688 514 2753 Late
549 2685 828 2753 circumferuntur
858 2686 944 2751 oculi
970 2690 1004 2751 et
1026 2687 1132 2751 multa
1156 2685 1271 2750 vident
1294 2705 1314 2751 a
1339 2705 1418 2750 ver-

277 2791 352 2869 tice,
387 2809 475 2870 quae
510 2796 612 2856 antea
646 2810 710 2857 non
746 2790 914 2856 videbant.
960 2791 1058 2855 Nunc
1088 2790 1154 2854 iam
1178 2789 1417 2872 intellegimus

279 2894 365 2974 quod
400 2883 515 2960 nidere
549 2913 614 2961 non
648 2894 757 2976 potuit
791 2894 1001 2973 Hultsehius,
1040 2893 1097 2974 qui
1130 2893 1256 2959 lactum
1290 2893 1343 2972 sit,
1378 2901 1419 2959 ut

278 2998 380 3078 Tbeo,
405 2996 608 3077 Chalcidius,
638 2999 810 3063 Favonius
843 2997 960 3063 iisdem
996 2998 1065 3062 lere
1101 2996 1213 3062 verbis
1246 2996 1421 3062 disserant

204 3152 207 3161 .
279 3101 319 3166 de
344 3100 472 3166 musica
484 3099 522 3183 ¹),
557 3102 680 3166 etenim
715 3120 756 3166 ex
787 3101 901 3167 eodem
926 3101 1107 3166 Posidonio
1131 3106 1164 3166 et
1188 3100 1358 3166 Adrastus
1384 3106 1430 3165 et·

367 3323 387 3390 ¹)
407 3324 474 3375 Non
494 3327 538 3376 est
556 3325 676 3388 mirum,
705 3325 785 3390 quod
804 3323 977 3377 Chalcidius
1004 3329 1033 3376 et
1051 3323 1211 3388 Favonius,
1232 3338 1421 3389 quamquam

280 3414 386 3462 neuter
415 3427 431 3462 a
458 3413 566 3463 neutro
593 3411 712 3477 pendet,
731 3427 791 3462 non
810 3411 898 3463 modo
918 3410 1010 3462 rebus
1029 3410 1082 3462 sed
1102 3410 1190 3462 eliam
1210 3408 1337 3461 vocibus
1356 3414 1421 3463 tam

280 3501 418 3549 accurate
439 3501 618 3563 congruunt.
649 3498 726 3550 Sane
746 3501 779 3549 ut
797 3497 893 3549 solent
911 3500 1028 3548 veteres
1047 3497 1209 3562 scriptores
1231 3497 1257 3547 si
1276 3494 1351 3561 quid
1370 3495 1420 3549 in-

279 3583 419 3634 venerint
436 3580 510 3634 boni
529 3582 742 3650 undecumque
762 3598 796 3634 ae
815 3582 995 3648 plerumque
1013 3582 1202 3633 immutatum
1220 3581 1253 3633 id
1271 3580 1422 3647 arripere,

280 3669 430 3721 Adrastus
444 3668 520 3719 hane
537 3669 573 3720 de
592 3670 707 3721 musica
725 3669 953 3734 expositionem,
976 3672 1010 3719 ut
1028 3670 1179 3733 tamquam
1198 3683 1270 3720 suae
1290 3668 1423 3722 orationi

281 3753 405 3806 adderet
417 3755 529 3818 lumen,
542 3755 580 3807 ad
593 3756 720 3807 verbum
733 3755 988 3820 transscripserat,
999 3753 1145 3805 Varronis
1155 3756 1255 3806 autem
1264 3758 1422 3807 sescentos

282 3840 385 3904 libruS,
404 3841 553 3906 imprimis
573 3857 631 3906 eos
660 3842 712 3907 qui
736 3846 820 3892 erant
840 3841 875 3892 de
895 3841 988 3892 rebus
1007 3840 1044 3892 ad
1064 3840 1094 3891 id
1113 3840 1256 3905 temporis
1274 3841 1423 3893 Romanis

282 3927 383 3979 minus
403 3929 489 3992 triliS,
508 3930 541 3981 in
560 3928 607 3980 bis
620 3928 837 3990 mathematica,
855 3927 937 3978 hand
949 3942 1073 3992 parram
1087 3931 1202 3992 partem
1215 3927 1308 3978 fuisse
1321 3930 1421 3980 trans-

281 4015 354 4066 latos
374 4031 389 4066 e
409 4016 529 4067 Graecis
556 4015 782 4079 exemplaribus
808 4018 919 4066 notum.
955 4015 1094 4079 Denique
1112 4014 1265 4065 Fauonius
1284 4016 1313 4064 et
1331 4013 1422 4067 Chal-

283 4101 390 4165 cidius,
411 4101 549 4167 quamvis
568 4103 600 4153 in
620 4101 794 4152 universum
816 4101 1004 4164 concordent,
1032 4104 1129 4151 tamen
1157 4089 1190 4151 in
1210 4097 1339 4165 singulis
1360 4104 1424 4153 tam

283 4188 391 4239 multas
410 4187 545 4239 obiciunt
558 4188 776 4253 discrepantius
790 4203 892 4238 rerum
907 4193 935 4238 et
948 4186 1108 4238 verborum
1124 4217 1157 4224 -
1173 4200 1247 4252 quas
1262 4200 1424 4250 compares

283 4290 332 4339 pg.
351 4274 384 4326 48
412 4279 440 4325 et
468 4275 549 4339 apud
574 4273 767 4326 Hultsehium
790 4273 892 4325 l‘bilol.
912 4273 953 4336 bl,
973 4289 1021 4339 pg.
1043 4273 1099 4337 196,
1109 4272 1143 4324 22
1156 4287 1229 4338 sqq,
1257 4270 1309 4323 ubi
1336 4273 1424 4337 typis

284 4365 355 4412 sunl
373 4360 529 4412 distinctae
549 4390 590 4425 -,
620 4365 651 4413 ut
670 4360 792 4412 minime
812 4360 866 4412 liae
887 4376 918 4410 re
937 4359 1134 4412 labefactetur
1153 4374 1218 4410 mea
1238 4357 1424 4412 coniectura.
