2916 5004
512 399 726 458 ..21-

52 600 115 645 non
161 582 341 660 invenisse,
387 582 444 646 sed
491 582 648 647 inventas
684 582 719 646 in
760 601 854 648 usum
893 602 1043 650 vocasse.
1101 582 1185 666 Quis

15 699 28 721 'r
51 684 137 748 banc
160 684 276 748 miram
302 683 500 748 sententiam
524 684 683 764 protulit?
729 684 978 765 Quaerentibus
1005 686 1187 767 respondet

25 788 208 864 'Proclus‚
258 806 332 852 cunr
382 786 463 851 dicit
511 786 562 867 (in
612 787 694 852 Tim.
732 793 793 852 193
823 788 871 866 D)
928 789 961 852 οἱ
1008 788 1072 871 μίν
1122 787 1185 854 οὖν

10 873 23 899 ⁵
49 887 286 970 Πυθαγόρειοι
326 890 412 972 μέγα
454 894 665 973 φρονοῦσιν.
697 891 746 970 ὡς
788 891 862 974 τὴν
899 895 970 956 τοῦ
1009 893 1185 972 κανόνος

48 993 291 1076 κατατομὴν
329 992 366 1055 ἐν
403 993 542 1074 τούτοις
582 993 670 1074 (scil.
710 998 783 1074 τοῖς
823 993 988 1077 ἀριθμοῖς
1027 1001 1055 1061 1.
1091 1000 1119 1060 2.
1153 1001 1184 1059 4.

49 1104 79 1162 8.
105 1104 134 1162 3.
159 1103 188 1161 9.
213 1099 265 1176 all
301 1093 519 1176 παραδίδωσι
553 1094 639 1179 (scil.
675 1095 692 1160 ὁ
727 1094 902 1181 Πλάτων).
957 1098 1040 1180 Quis
1075 1103 1185 1168 autem

10 1205 14 1247 l
46 1201 340 1282 Pythagoreorum
375 1199 407 1264 id
444 1205 495 1265 est
518 1201 875 1283 Neopythagoreorum
910 1201 978 1265 tale
1005 1201 1082 1281 quid
1108 1220 1184 1266 oon-

48 1304 206 1382 tenderit
242 1302 339 1366 docet
373 1321 433 1367 nos
456 1304 675 1385 Porphyrius,
711 1303 767 1384 qui
802 1323 819 1366 ε
851 1303 1017 1368 Moderati
1052 1304 1185 1385 seriptis

49 1407 203 1472 servavit
240 1406 325 1470 haee
360 1403 431 1486 (vit.
460 1405 557 1488 Pyth.
586 1406 639 1486 53)
653 1404 689 1486 1);
733 1405 822 1487 πρὸς
865 1403 902 1470 db
939 1407 1077 1487 τούτοις
1114 1406 1186 1472 τὸν

49 1507 255 1573 Πλάτωνα
288 1509 346 1572 καὶ
374 1507 585 1592 Ἀριστοτέλη
620 1510 678 1573 καὶ
702 1558 770 1588 ...,
795 1509 843 1589 ὡς
872 1511 978 1592 φασίν
1007 1511 1039 1573 ol
1063 1507 1185 1574 Πυθα-

10 1634 12 1639 ·
50 1613 186 1695 γόρειοι,
210 1611 259 1677 τὰ
274 1611 348 1694 μὲν
365 1611 551 1694 κάρπιμα
568 1610 894 1695 σφετερίσασθαι
910 1610 975 1677 διὰ
995 1611 1187 1696 βραχείας

50 1715 284 1798 ἐπισκευῆς,
313 1714 357 1779 τὰ
385 1712 616 1779 θ’ἐπιπόίαια
639 1717 698 1778 καὶ
721 1714 854 1798 ἐλαφρὰ
879 1765 935 1780 ...
960 1716 1008 1797 ὡς
1032 1714 1101 1781 idea
1123 1722 1186 1800 τῆς

52 1819 216 1898 αἱρέσεως
239 1817 322 1898 (scil.
339 1821 411 1882 τῶν
426 1814 690 1900 Πυθαγορείων)
712 1821 955 1901 καταχωρίσαι.
989 1819 1186 1889 Moderatus

51 1940 132 2004 ergo
155 1923 262 1987 multa
285 1941 409 2001 eorum,
435 1939 521 2001 quae
545 1923 642 1987 Plato
666 1929 699 1987 et
723 1923 780 1987 alii
804 1922 977 2004 (imprimis
1001 1922 1128 1988 scilicet
1145 1923 1186 1988 de

10 2048 12 2053 ’
51 2025 199 2090 numeris
223 2043 404 2104 eorumque
428 2022 629 2108 rationibus)
653 2025 748 2091 utilia
769 2044 809 2090 ao
824 2025 952 2092 feracia
967 2027 1186 2107 protulerant,

51 2128 275 2211 Pythagoreis
291 2127 486 2193 vindicabat
494 2124 532 2210 2),
545 2127 756 2193 Moderatum
773 2129 877 2213 igitur
893 2129 1029 2210 sapiunt
1045 2131 1186 2211 ethaeo,

50 2251 139 2312 quae
174 2231 308 2296 exhibet
331 2231 422 2296 Theo
458 2231 498 2297 de
532 2231 689 2297 numeris.
734 2233 842 2313 Atqui
876 2233 1019 2300 vidimus
1046 2234 1187 2314 primam

51 2335 124 2399 libri
160 2341 300 2416 partem,
335 2353 423 2414 quae
457 2342 490 2399 et
522 2335 598 2415 ipsa
632 2341 685 2401 est
714 2335 754 2401 de
779 2336 937 2415 numeris,
961 2336 1187 2411 revocandam

51 2456 128 2502 esse
147 2437 188 2502 ad
206 2437 347 2502 eundem
364 2438 581 2520 Pythagorae
598 2441 801 2504 sectatorem
813 2438 1030 2505 Gaditanum.
1054 2440 1186 2521 ltaque,

51 2541 80 2605 sl
106 2560 188 2605 uera
212 2548 263 2605 est
287 2545 402 2605 nostra
425 2541 627 2620 coniectura,
660 2548 856 2621 exspectare
880 2542 958 2608 licet
978 2543 1186 2608 intercedere

51 2646 140 2708 inter
162 2644 224 2709 has
248 2644 323 2707 libri
346 2648 460 2723 partes
485 2644 631 2724 aliquam
654 2643 944 2709 necessitudinem.
983 2645 1027 2708 Mt
1052 2644 1102 2709 ita
1125 2651 1185 2712 est.

51 2747 213 2825 Primum,
249 2747 374 2811 utiam
399 2746 477 2825 dixi,
511 2747 545 2809 in
573 2754 723 2812 extrema
744 2747 865 2826 prioris
889 2746 1067 2830 fragmenti
1090 2755 1187 2828 parte

53 2850 164 2914 verbis
193 2850 272 2930 περὶ
301 2847 342 2913 οὗ
370 2848 460 2913 κατὰ
487 2850 552 2932 τὴν
580 2850 710 2913 οίκείαν
730 2851 849 2932 χώραν
876 2847 1108 2932 ἀποδώσομεν
1131 2851 1186 2916 de·

52 2954 145 3035 legat
180 2957 297 3018 auctor
333 2951 375 3017 ad
410 2953 506 3033 hanc,
531 2952 571 3017 de
596 2972 663 3033 qua
686 2954 826 3036 agimus
848 2959 989 3034 partem,
1013 2960 1046 3020 et
1069 2974 1186 3020 rursus

142 3105 159 3167 ἱ)
180 3106 279 3158 Potest
297 3105 419 3172 ambigi,
448 3110 550 3159 utrum
569 3109 598 3158 et
616 3105 687 3158 haec
707 3105 768 3158 sint
787 3106 925 3160 Gaditani
943 3123 981 3160 an
999 3107 1096 3173 ipsius
1114 3108 1186 3159 Por-

52 3189 164 3256 phyrii,
192 3206 260 3244 oum
287 3191 389 3244 Verbis
417 3189 430 3253 ἦ
457 3188 510 3260 μὲν
537 3189 569 3254 dri
596 3188 658 3258 περὶ
677 3193 731 3242 ταῖν
749 3187 878 3260 ἀριθμῶν
896 3192 1069 3262 πραγματεία
1085 3189 1187 3255 τοιαύτη

52 3281 106 3328 τοῖς
124 3276 320 3345 Πυθαγορείοις
338 3277 486 3330 Moderati
498 3279 698 3343 fragmentum
711 3278 794 3330 finiri
808 3279 954 3332 videatur.
983 3278 1043 3332 Sed
1054 3279 1187 3345 primum

53 3361 184 3415 notabile
211 3366 256 3415 est
281 3363 359 3416 illud
387 3361 422 3418 ὥς
448 3362 535 3432 φασίν
562 3363 588 3414 ot
614 3363 802 3431 Πυθαγόρειοι,
831 3380 960 3430 quorum
986 3365 1096 3432 placita
1117 3381 1186 3417 con-

52 3448 213 3514 scripsisse
241 3449 429 3503 Moderatum
456 3449 543 3502 modo
572 3449 650 3501 dixit
672 3448 865 3516 Porphyrius
893 3455 956 3503 tum
984 3451 1016 3503 in
1043 3452 1102 3504 fine
1128 3451 1188 3503 loci

53 3535 137 3587 addit
155 3528 221 3585 ἄλλα
239 3537 321 3587 ταῦτα
339 3537 426 3602 (quae
444 3535 532 3588 modo
550 3539 672 3588 narrata
684 3536 763 3601 sunt)
781 3533 835 3603 μὲν
853 3530 937 3604 ἀπέβη
956 3533 1074 3604 ὕστερον.
1102 3537 1186 3588 Dilu-

53 3621 120 3673 cide
144 3620 238 3687 igitur
265 3623 373 3675 fatetur
400 3637 432 3674 se
459 3622 532 3674 haec
557 3621 755 3688 praecepisse.
793 3622 880 3685 Quod
898 3627 931 3675 ut
949 3623 1059 3675 laceret
1078 3637 1137 3689 qua
1155 3638 1188 3674 re

50 3707 198 3759 inductus
217 3706 279 3759 est?
307 3707 457 3760 Videlicet
475 3706 594 3772 alonte,
613 3721 702 3772 equo
717 3723 759 3772 ea,
779 3723 855 3773 quae
868 3709 1061 3774 praecedunt,
1079 3709 1188 3772 hausit,

52 3794 84 3844 id
105 3797 149 3844 est
167 3793 313 3844 Moderati
332 3808 431 3859 opere,
457 3793 541 3858 plura
561 3792 690 3857 sumpsit
708 3808 800 3859 quam
818 3809 894 3860 quae
913 3795 951 3847 ad
968 3798 1086 3861 tempus
1105 3799 1189 3847 erant

54 3879 233 3942 necessaria,
250 3879 283 3930 id
302 3879 384 3945 quod
401 3894 463 3931 non
481 3893 549 3941 raro
569 3879 669 3930 evenit
687 3879 820 3945 antiquis
842 3881 1050 3947 scriptoribus,
1086 3881 1189 3934 Verba

54 3961 139 4032 ἡμὲν
157 3962 189 4025 dd
208 3963 342 4033 περὶτῶν
360 3958 492 4034 ἀριθμῶν
508 3963 561 4016 κτλ.
579 3965 756 4030 inseruerat,
784 3966 865 4031 quod
892 3982 925 4019 re
952 3983 1023 4019 vera
1040 3968 1087 4032 iis
1112 3982 1188 4034 quae

55 4052 91 4102 de
109 4050 246 4103 numeris
266 4066 281 4102 e
300 4051 453 4103 Moderato
472 4050 578 4114 attulit,
605 4049 661 4102 hoc
679 4051 745 4104 loco
763 4051 856 4104 finem
874 4052 1058 4119 imposuerat
1075 4055 1189 4121 (confer

54 4137 159 4201 ZeMer,
178 4136 266 4200 ΙΙΙ,2,
279 4136 328 4189 129
347 4137 415 4189 adn.
435 4135 468 4202 1).

139 4220 161 4288 ε3)
179 4221 369 4274 Moderatum
396 4221 485 4274 etiam
504 4221 636 4273 Platonis
664 4222 700 4273 de
725 4222 849 4273 materia
869 4224 975 4290 dogma
993 4224 1188 4290 Pythagoreis

55 4306 227 4361 attribuisse
247 4306 334 4360 docet
352 4306 456 4374 simpl.
474 4305 559 4372 phys.
579 4306 682 4372 aseae
700 4307 812 4374 (Diels).
