2916 5004
489 365 705 424 ..19-

15 555 136 629 parte,
160 549 201 614 de
226 568 293 629 qna
317 549 457 633 agimus,
480 549 661 628 Thoonem,
686 554 828 631 apparet
850 554 884 615 et
906 553 1164 615 consentaneum

14 659 90 718 est.
137 656 251 733 Atque
286 653 367 717 mire
402 653 474 733 hoc,
506 651 592 732 quod
617 653 847 718 ratiocinando
872 651 1052 732 effecimus,
1076 671 1163 718 com-

9 755 191 836 probatur
213 755 380 821 nonnullis
397 754 605 839 fragmentis,
630 773 716 835 quae
734 775 751 820 e
769 755 935 822 Moderati
951 775 1051 837 opere
1068 756 1163 821 nobis

11 859 181 924 servavit
204 858 378 925 Stobaous.
425 857 489 924 Sed
515 859 586 939 ipse
609 858 736 924 iudices
760 859 869 925 velim.

177 1028 257 1081 Theo
275 1045 324 1096 pg.
345 1029 385 1092 18,
396 1029 419 1082 3.

60 1126 179 1200 ἀριθμός
204 1129 259 1185 ἐστι
285 1130 405 1202 σύστημα
431 1129 568 1201 μονάδων,

9 1215 40 1280 ἢ
59 1217 244 1286 προποδισμδς

9 1303 145 1365 πλήθους
181 1305 236 1357 ἀπὸ
266 1303 384 1375 μονάδος
418 1299 570 1376 ἀρχόμενος

9 1389 71 1439 καὶ
94 1389 278 1460 ἀναποδισμδς
299 1389 338 1448 εἰς
359 1390 467 1463 μονάδα
489 1409 569 1443 κατα-

11 1475 123 1544 λόγων.
149 1477 235 1548 μονάς
262 1476 292 1532 δέ
319 1473 373 1533 ἐστι
401 1478 569 1546 περαίνουσα

11 1561 142 1629 ποσότης,
170 1562 222 1630 ἥτις
247 1561 408 1637 μειουμένου
434 1565 480 1616 τοῦ
502 1562 569 1625 πλή-

13 1655 93 1704 θους
110 1651 177 1703 κατά
194 1651 242 1715 τήν
258 1650 404 1721 ὑφαίρεσιν
414 1651 461 1702 τοῦ
472 1649 569 1704 παντὸς

14 1733 150 1805 (ἀριθμοῦ
174 1742 334 1806 στερηθεῐσα
359 1735 445 1806 μονήν
470 1752 497 1788 τε
523 1733 569 1787 καὶ

14 1823 120 1875 στάσιν
146 1822 284 1893 λαμβάνει.
315 1821 345 1875 οἰ
378 1821 432 1891 γάρ
459 1814 517 1873 οἶόν
542 1837 569 1873 τε

20 1906 176 1979 περαιτέρω
193 1906 322 1978 γενέσθαι
339 1908 386 1972 τήν
401 1906 495 1978 τομήν·
522 1906 569 1959 καί

16 1995 82 2065 γάρ
99 1994 151 2049 ὲάν
167 1993 205 2050 εἰς
221 1995 304 2066 μόρια
323 1994 472 2065 διαιρῶμεν
492 1993 520 2045 τό
538 1991 569 2046 ἓν

16 2101 48 2135 κ.
69 2100 89 2135 τ,
108 2083 129 2135 λ,
167 2084 259 2152 (Haec
277 2083 324 2148 iis,
344 2098 420 2150 quae
435 2097 567 2149 sequun-

23 2173 84 2233 tur,
107 2170 199 2223 latius
220 2174 309 2237 atque
327 2169 497 2222 accuratius
517 2183 567 2221 ex-

22 2255 199 2323 plicantur.)

62 2342 102 2405 19,
112 2342 136 2394 7.
163 2341 280 2392 certisime
302 2337 333 2393 δὲ
348 2338 435 2409 μονάς
447 2339 501 2404 ήτοι
513 2334 568 2392 ἀπό

22 2427 70 2476 τοῦ
86 2423 181 2495 μένειν
198 2426 324 2496 ἄτρεπτος
341 2425 388 2478 καὶ
404 2425 442 2497 μή
465 2419 567 2486 ἐξίστα-

23 2517 92 2562 σθαι
109 2514 152 2576 τής
169 2511 262 2579 ἑαυτής
274 2514 393 2583 φύσεως·
412 2512 501 2568 ὁσάκις
513 2514 567 2584 γάρ

24 2597 182 2652 &aad

63 2687 101 2746 19,
114 2686 153 2738 12.
180 2685 196 2748 ή
223 2681 276 2737 ἀπό
303 2687 348 2738 τοῦ
379 2684 568 2756 διακεκρίσθαι

23 2768 71 2821 καί
101 2774 281 2839 Ιμεμονῶσθαι
311 2767 365 2823 ἀπό
400 2773 445 2823 τοῦ
474 2773 567 2824 λοιποῦ

23 2855 144 2917 πλήθους
182 2859 236 2908 τῶν
277 2852 406 2927 ἀριθμῶν
450 2858 567 2911 καλεῖται

22 2942 116 3010 μονάς.

167 3055 248 3107 Theo
266 3070 315 3121 pg.
335 3057 375 3120 19,
385 3056 427 3110 21.

59 3155 119 3209 ὥστ’
136 3159 176 3220 εἴη
196 3156 231 3209 ἀν
249 3155 321 3227 ἀρχή
339 3160 393 3211 τῶν
408 3158 462 3230 μὲν
484 3156 565 3230 ἀριθ-

21 3245 86 3312 μῶν
103 3241 117 3306 ή
135 3245 228 3314 μονάς,
246 3245 300 3295 τῶν
318 3242 349 3298 δὲ
367 3245 526 3315 ἀριθμητῶν
537 3247 564 3299 τδ

22 3327 65 3382 ἕν·
84 3330 130 3382 καὶ
147 3332 176 3382 τό
194 3329 226 3385 ἓν
244 3327 279 3386 ῶς
296 3324 328 3384 ἕν
346 3330 482 3397 αἰσθητοῖς
501 3330 564 3402 τέμ-

22 3417 121 3468 νεσθαί
142 3433 228 3485 φασιν
252 3417 290 3473 εἰς
310 3417 431 3487 ἄπειρον,
456 3413 509 3488 οἰχ
530 3417 565 3475 ῶς

21 3498 144 3571 άριθμδν
162 3498 226 3557 οδδὲ
253 3504 289 3561 ῶς
318 3499 409 3572 ἀρχήν
433 3499 563 3574 ἀριθμοῦ,

22 3590 79 3640 ἀλλ’
97 3589 133 3644 ῶς
151 3588 315 3657 αἰσθητόνῐ),
326 3630 349 3643 ..
367 3589 414 3642 καὶ
431 3591 463 3644 τά
483 3587 563 3662 ἀριθ·

20 3675 91 3743 μητιὶ
101 3677 154 3726 τῶν
162 3675 292 3747 ἀριθμῶν
300 3679 341 3740 εἰη
352 3675 386 3727 ἀν
399 3674 564 3747 διαφέροντα

21 3760 58 3830 τῷ
72 3761 103 3811 τά
116 3760 169 3830 μὲν
182 3762 293 3833 σῶματα
306 3758 384 3827 εἰναι,
402 3762 433 3814 τά
448 3760 479 3815 δὲ
492 3758 564 3815 άσῶ-

20 3865 101 3916 ματα.
121 3846 212 3903 άπλῶς
231 3847 261 3902 δὲ
280 3848 369 3919 ἀρχάς
390 3843 520 3918 ἀριθμῶν
538 3851 564 3902 οἱ

761 1029 843 1083 Stob.
862 1030 915 1082 ccl.
934 1029 1026 1095 1‚1.8.

645 1129 710 1184 .ἔστι
740 1127 884 1201 δ’ἀριθμδς
913 1130 948 1188 ῶς
976 1131 1050 1204 τύπῳ
1076 1131 1165 1186 εἰπεῖν

620 1220 741 1287 σύστημα
770 1218 907 1287 μονάδων,
938 1219 954 1284 ἢ
983 1219 1165 1291 προποδισμδς

622 1303 740 1367 πλήθους
770 1303 825 1358 ἀπό
859 1305 977 1374 μονάδος
1012 1307 1164 1378 ἀρχόμενος

621 1387 668 1440 καί
686 1388 871 1460 ἀναποδισμδς
892 1391 931 1449 εἰς
951 1393 1060 1464 μονάδα
1082 1413 1163 1447 κατα-

620 1474 718 1543 λήγων,
744 1478 867 1547 μονάδας
889 1479 920 1535 δὲ
937 1481 1035 1550 (μονάς
1053 1481 1165 1552 δ’ἐστὶλ)

621 1562 787 1630 περαίνουσιν
801 1567 918 1633 ποσότης,
937 1566 990 1633 ἥτις
1000 1567 1162 1639 μειουμένου

620 1649 666 1699 τοῦ
697 1649 816 1712 πλήθους
844 1654 911 1705 κατά
939 1655 987 1718 τήν
1015 1652 1164 1724 ὑφαίρεσιν

621 1734 717 1790 παντός
744 1735 866 1807 ἀριθμοῦ
893 1746 1054 1809 στερηθεῖσα
1077 1743 1164 1810 μονήν

619 1836 647 1872 τε
667 1820 714 1872 καὶ
736 1823 827 1877 στάσιν
848 1826 986 1893 λαμβάνει.
1013 1824 1162 1894 περαιτέρω

620 1905 675 1974 γάρ
703 1910 747 1972 τής
774 1912 893 1981 μονάδος
921 1911 936 1976 d
971 1912 1080 1978 ποσότης
1115 1913 1164 1966 οὐκ

620 1989 711 2061 ἰσχόει
729 1993 910 2061 ἀναποδίζειν.
930 1996 997 2053 ῶστε

928 2344 1014 2414 μονάς
1034 2343 1088 2406 ἢτοι
1107 2339 1162 2396 dud

618 2427 664 2476 τοῦ
682 2423 790 2478 ἑστάναι
807 2427 853 2480 καὶ
864 2430 932 2482 κατά
945 2425 1025 2482 ταύτά
1039 2429 1162 2486 ῶσαότως

620 2509 744 2580 ἄτρεπτος
760 2509 855 2581 μένειν

804 2683 820 2748 ἢ
838 2685 892 2738 ἀπδ
909 2690 955 2740 τοῦ
973 2688 1161 2758 διακεκρίσθαι

618 2769 665 2820 καί
683 2773 817 2828 παντελῶς
832 2776 1013 2844 μεμονῶσθαι
1032 2776 1077 2827 τοῦ
1096 2774 1161 2837 πλή-

618 2862 684 2912 θους
701 2858 817 2929 εὐλόγως
834 2854 942 2924 ἐκλήθη.

790 3058 981 3126 Steb.1‚1‚9.

650 3160 718 3217 τινὲς
744 3165 797 3214 τῶν
824 3162 954 3234 ἀριθμῶν
980 3160 1071 3232 ἀρχήν
1093 3161 1159 3214 ἀπε-

617 3248 736 3318 φήναντο
753 3247 801 3312 τήν
817 3247 934 3319 μονάδα,
958 3249 1012 3301 τῶν
1030 3244 1061 3301 δὲ
1079 3246 1159 3317 ἀριθ-

614 3336 707 3403 μητῶν
723 3333 751 3386 τό
769 3337 808 3400 ἓν,
826 3336 901 3388 τοῦτο
919 3331 950 3388 δὲ
968 3335 1048 3404 σῶμα
1065 3332 1159 3402 τεμνό-

614 3437 699 3490 μενον
715 3419 754 3476 είς
772 3420 897 3490 ἀπειρον·
925 3418 993 3472 ῶστε
1018 3420 1050 3471 τά
1078 3414 1159 3489 ἀριθ-

614 3506 683 3576 μητά
700 3510 754 3559 τῶν
773 3506 903 3576 ἀριθμῶν
919 3505 998 3575 ταύτῃ
1012 3504 1159 3558 διαλάττειν

614 3585 633 3662 ᾗ
660 3589 787 3662 διαφέρει
812 3591 844 3645 τά
871 3592 983 3661 στόματα
1010 3594 1064 3644 τῶν
1087 3587 1158 3643 ἀσω-

614 3678 715 3746 μάτων.
742 3675 846 3730 εἰδέναι
873 3676 904 3731 δὲ
929 3677 976 3730 καί
1002 3678 1077 3730 τοῦτο
1104 3675 1157 3744 χρή

615 3761 652 3815 δτι
677 3765 731 3815 τῶν
758 3762 889 3833 ἀριθμῶν
914 3761 1087 3832 εἰσηγήσαντο
1113 3762 1158 3816 τάς

616 3844 705 3920 ἀρχάς
716 3849 742 3901 οἰ
752 3848 806 3920 μὲν
819 3848 942 3919 νεώτεροι
953 3848 1001 3912 τήν
1011 3864 1038 3900 τε
1048 3847 1157 3920 μονάδα

111 4020 131 4087 ¹)
152 4022 235 4085 Quae
261 4021 309 4075 hic
337 4024 503 4090 ceterisque
530 4024 605 4077 locis
631 4024 720 4090 plura
747 4022 836 4076 habet
854 4021 943 4086 Theo,
971 4026 1022 4075 aut
1039 4021 1105 4088 ipse
1124 4037 1157 4074 ea

20 4106 195 4172 explicandi
212 4123 303 4161 causa
321 4109 437 4163 addidit
455 4109 513 4179 (pg.
531 4110 573 4175 47,
585 4109 617 4163 13
635 4104 684 4161 ἐπὶ
701 4107 728 4160 τδ
747 4108 954 4178 γνωριμώτερον
976 4104 1157 4175 ἐξενεγκόντες
1215 4171 1219 4178 ,

21 4190 276 4261 παραδεδώκαμεν),
302 4199 353 4247 aut
372 4194 525 4260 Stobaeus,
553 4196 666 4262 quippe
694 4209 783 4262 quem
810 4193 991 4260 gravissima
1019 4209 1155 4259 quasque

25 4278 223 4345 exscripsisse
242 4283 345 4333 notum
358 4285 410 4346 est,
429 4280 535 4345 omisit,
556 4286 608 4334 aut
619 4281 720 4348 potius
733 4285 897 4346 utrumque
910 4283 955 4332 est
966 4279 1154 4332 sumendum.

1019 4366 1051 4416 2²¹²
