2916 5004
521 380 737 439 ..17-

58 563 163 645 igitur
186 570 237 628 est
260 563 463 628 vindicanda
478 582 569 643 pars,
594 564 634 629 de
652 583 718 644 qua
734 565 884 648 agimus?
922 563 1196 647 Schmekelius¹),

58 685 134 731 cum
159 667 289 731 videret
312 667 480 732 Thoonem
505 686 522 730 e
543 667 711 749 Thrasylli
741 667 882 748 quodam
913 687 1013 748 opere
1037 669 1196 734 nonnulla

58 770 112 849 iis,
148 771 291 850 quaein
315 770 509 835 universum
534 790 574 835 ex
598 771 749 836 Adrasto
773 770 987 853 deprompsit,
1017 772 1195 853 addidisse,

59 893 202 954 cumque
227 893 377 954 eaquae
401 874 550 953 proxime
575 873 791 954 praecedunt,
816 875 984 957 Thrasylli
1009 893 1082 940 esse
1107 894 1195 940 com-

58 978 183 1057 pilator
205 977 277 1058 ipse
301 976 401 1057 dieat,
424 996 491 1043 non
508 977 675 1042 dubitavit
690 996 750 1058 pro
767 985 859 1043 certo
877 979 1078 1052 contendere
1095 979 1195 1044 etiam

59 1083 144 1145 haec
167 1100 242 1147 esse
266 1081 444 1163 Thrasylli.
491 1081 587 1163 Quod
612 1085 649 1146 ut
672 1081 829 1161 efiiceret,
855 1086 929 1158 erat
952 1081 1195 1163 explicandum,

58 1203 120 1248 cur
141 1185 359 1265 interruperit
380 1185 473 1249 Theo
496 1202 547 1264 ea,
582 1203 668 1265 quae
704 1185 845 1265 sumpsit
868 1204 885 1249 e
909 1186 1077 1268 Thrasylli
1101 1185 1195 1265 libre,

58 1283 234 1353 enuntiato
268 1289 326 1353 καὶ
350 1289 370 1372 ἡ
393 1288 457 1370 μὲν
479 1287 550 1353 aad
577 1285 776 1370 Θρασύλλου
812 1287 884 1353 κτλ.
913 1287 978 1370 (93,
992 1287 1034 1368 8).
1080 1290 1195 1369 Atque

59 1392 147 1471 quod
181 1393 261 1458 dicit
284 1392 513 1459 Schmelrelius
548 1392 606 1456 καὶ
634 1392 741 1476 ἡμὲν
764 1379 841 1457 ἀττά
861 1390 1061 1475 Θρασύλλου
1085 1402 1196 1475 napo-⁴

58 1492 226 1578 δεδομένη
250 1497 430 1579 κατοτομὴ
453 1499 516 1560 τοῦ
540 1494 689 1576 κανόνος
713 1492 779 1560 ode
806 1494 881 1578 ἔχει.
916 1494 957 1561 ὃν
992 1494 1028 1561 ἀὲ
1062 1496 1195 1578 τρόπον

57 1599 118 1661 καὶ
146 1597 203 1661 ἐστὶ
230 1604 293 1682 τῆς
320 1602 392 1664 τῶν
420 1596 511 1663 ἀλῶν
534 1597 767 1682 ἑφαρμόζεται
790 1601 949 1683 σφαίρας,
974 1597 1115 1664 ἐπειδὰν
1138 1601 1196 1664 καὶ

57 1700 143 1781 τοὺς
166 1700 398 1784 ἀστρονομίας
420 1700 614 1785 ε’κάῶμεάα
640 1701 773 1784 λόγους,
809 1701 1062 1786 παραάελξομεν
1096 1723 1194 1784 prop-

57 1809 154 1869 terea
178 1823 254 1870 esse
275 1805 405 1871 inserta
429 1806 470 1871 ab
495 1811 644 1885 auctore,
668 1806 767 1887 quod,
799 1825 885 1886 quae
909 1807 1196 1872 continuabantur

57 1907 149 1988 apud
161 1908 374 1990 Thrasyllum
391 1908 432 1974 de
449 1908 595 1974 siderum
612 1913 786 1989 concentu,
803 1928 901 1990 quem
918 1909 1042 1990 dicunt,
1058 1909 1194 1974 differre

58 2016 94 2076 ct
116 2011 205 2076 infra
227 2011 359 2077 demum
382 2011 448 2096 (pg.
473 2009 549 2094 205)
573 2011 700 2077 referre
723 2012 786 2076 sibi
809 2013 1050 2094 proposuisset,
1084 2014 1147 2078 hoc
1178 2033 1195 2078 c

57 2115 203 2180 Theonis
237 2114 351 2179 verbis
384 2115 596 2195 perspicuum
632 2119 692 2180 est.
741 2113 805 2180 Sed
832 2116 942 2199 pergit
965 2121 1083 2182 auctor
1105 2116 1196 2180 νυνὶ

58 2215 397 2301 δ’ἐιτανὲλάωμεν
434 2217 501 2283 ἐπὶ
538 2217 609 2282 τὸν
635 2222 726 2282 -τῶν
763 2215 921 2282 λοιπῶν
963 2216 1195 2301 ἀναλογιῶν

57 2321 126 2383 καὶ
159 2322 399 2403 μεσοτήτων
432 2318 553 2402 λόγον
587 2318 671 2399 κτλ,
707 2339 794 2400 quae
828 2320 933 2386 verba
964 2321 1194 2389 Schmelrelius

57 2425 157 2503 plane
181 2425 338 2506 neglexit.
376 2425 511 2488 Minime
536 2430 647 2489 autem
672 2431 768 2489 erant
792 2424 1011 2508 neglegenda,
1035 2426 1194 2505 quoniam

57 2528 91 2590 in
127 2527 178 2591 his
213 2533 369 2592 versatur
392 2532 464 2592 tota
487 2517 650 2608 quaestio.
697 2526 797 2592 Olane
822 2528 907 2592 enim
932 2546 972 2592 ac
995 2527 1118 2593 diserte
1142 2529 1194 2595 his

58 2630 151 2694 Theo
168 2630 294 2695 indicat
310 2650 346 2695 se
362 2650 451 2695 nune
466 2632 645 2713 Thrasyllo
661 2632 778 2696 relicto
795 2631 920 2697 reverti
937 2631 978 2696 ad
997 2631 1192 2698 Adrastum.

58 2734 178 2812 Itaque
213 2752 297 2816 nego
333 2753 383 2815 ea,
419 2753 503 2814 quac
538 2740 735 2814 sequuntur,
770 2739 905 2816 sumpta
939 2752 1012 2800 esse
1052 2754 1092 2800 ex
1125 2736 1192 2801 illo.

59 2835 285 2901 Confirmatur
301 2856 376 2901 mea
392 2838 557 2902 sententia
574 2857 623 2917 co,
639 2838 728 2918 quod
744 2837 864 2917 omnia,
880 2856 968 2919 quae
985 2838 1193 2921 eThrasyllo

59 2939 159 3004 affert
175 2941 277 3020 Theo,
301 2941 484 3020 respiciunt
504 2941 690 3006 doctrinam
705 2941 877 3021 musicam,
901 2941 954 3006 hic
971 2945 1084 3007 autem
1100 2942 1194 3008 locus

58 3064 118 3122 per
141 3063 176 3107 se
201 3063 221 3108 a
244 3044 372 3109 musica
396 3044 526 3111 alienus
550 3050 609 3109 est.
654 3043 752 3109 Adde
776 3044 863 3125 quod
888 3044 988 3111 etiam
1012 3046 1194 3111 enarrandi

58 3147 144 3211 ratic
180 3147 222 3212 ab
257 3166 308 3228 ea,
342 3166 410 3227 qua
444 3148 550 3213 utitur
572 3148 780 3231 Thrasyllus
803 3148 947 3213 nranime
972 3152 1023 3213 est
1046 3148 1193 3230 diversa,

59 3250 99 3315 de
123 3270 190 3331 qua
212 3270 248 3316 re
271 3251 360 3316 infra
379 3251 479 3333 plura
495 3251 612 3317 dicam.
647 3253 768 3332 Itaque
785 3252 894 3318 denuo
911 3256 963 3318 est
978 3252 1193 3334 suscipienda

58 3353 255 3435 disquisitio.

143 3458 346 3538 Priusquam
380 3459 518 3539 incipiat
551 3459 643 3524 Theo
677 3458 843 3524 disserere
878 3458 919 3524 de
953 3458 1091 3538 musica,
1123 3459 1194 3542 agit

57 3560 216 3626 continua
239 3560 465 3642 disputatione
483 3561 523 3626 de
539 3561 728 3627 rationibus
744 3580 958 3626 numerorum
975 3561 1192 3628 arithmeticis

57 3662 177 3746 (usque
202 3664 244 3728 ad
267 3684 321 3749 pg.
344 3663 473 3748 4u,19).
518 3665 602 3731 Tum
637 3665 804 3730 transiens
839 3664 882 3729 ad
917 3665 1077 3730 musicam
1113 3665 1193 3730 dicit

57 3787 130 3832 cum
155 3767 223 3831 alia
246 3773 315 3833 tum
339 3769 437 3833 haec:
461 3765 527 3850 (47,
541 3766 573 3850 8)
595 3767 683 3851 μετὰ
707 3766 744 3833 ἀὲ
766 3767 828 3833 τὸν
851 3769 931 3849 περὶ
954 3767 1100 3833 πάντων
1120 3773 1192 3833 τῶν

56 3868 317 3951 μαθηματικῶν
350 3868 454 3952 λόγον
487 3869 685 3936 τελευταῖον
718 3870 891 3954 ἐπάξομεν
925 3872 984 3935 καὶ
1017 3870 1080 3936 τὸν
1113 3873 1192 3954 περὶ

58 3978 119 4054 τῆς
142 3972 178 4035 ἐν
202 3973 321 4055 κόσμῳ
350 3972 656 4056 ἁρμονίαςλόγον,
686 3974 759 4039 οὐκ
788 3973 1008 4056 ὀκνοῦντες
1035 3974 1083 4040 τὰ
1110 3973 1190 4039 ὑπὸ

57 4079 136 4140 τῶν
163 4075 241 4158 τιρὸ
270 4078 382 4160 ἡμῶν
411 4076 662 4161 ἐξευρημένα
689 4080 756 4143 καὶ
780 4078 898 4143 αὐτοὶ
922 4078 1189 4161 ἀναγράφειν,

145 4299 164 4364 ¹)
183 4300 201 4351 l.
220 4300 238 4352 l.
257 4316 306 4367 pg.
325 4301 384 4365 409,
403 4300 471 4352 edu.
490 4301 514 4352 3.

1052 4388 1068 4436 2
