2916 5004
623 373 833 432 „42-

352 558 505 612 Macrobii.
952 551 1099 606 Theonis.

161 681 257 733 usque
280 665 318 717 ad
340 663 528 716 medietatem
552 662 634 713 velut
655 660 698 711 di·
750 656 817 725 μόδι
828 656 971 727 διχοτόμοο
979 657 1023 720 τῆς
1031 652 1149 718 σελήνης
1157 650 1292 723 όριομέιος

162 752 219 804 visi
237 750 318 804 orbis
337 749 493 812 excrescit,
514 752 543 801 et
561 744 700 815 διχότομος
751 745 783 811 τῇ
804 741 836 796 δὲ
857 739 968 811 δευτέρᾳ
990 739 1202 806 πλοοιοελόνοο,
1225 739 1293 808 τῇδὲ

160 843 233 890 tunc
263 840 393 899 vocatur,
423 833 565 886 secundis
595 832 699 886 orbem
752 829 823 898 τρίτῃ
851 828 1003 899 διχοτόμοο,
1031 827 1120 880 πόλιν
1147 823 1183 879 δὲ
1210 827 1241 895 τῇ
1264 842 1295 877 re

161 929 254 977 totum
281 926 473 975 renascentes
500 919 587 986 ignes
618 918 698 971 colli·
753 915 830 984 τόρτχ
843 914 958 967 οόνοδοι
970 910 1139 980 ποιουμένης
1150 910 1225 982 πρός
1239 909 1296 975 ἣλιοι

160 1009 259 1075 gendo
272 1009 331 1060 iam
345 1007 474 1072 complet
487 1010 516 1057 et
527 1004 617 1070 plena
629 1008 700 1057 tunc
752 1001 798 1052 καὶ
817 1000 907 1069 ιἰρχιὶν
924 997 1015 1069 ἑτέρου
1032 999 1131 1067 μηνός.

161 1094 281 1157 dicitur,
309 1092 404 1145 tertiis
432 1089 572 1158 διχότομος
594 1106 701 1142 rursus

161 1181 299 1242 efficitur,
334 1192 404 1230 cum
438 1178 475 1228 ad
511 1177 699 1229 medietatem

163 1264 364 1319 (increscendo
378 1262 572 1328 contrahitur,
587 1263 701 1329 quartis

162 1352 266 1404 ultima
288 1349 412 1403 luminis
435 1349 482 1400 sui
502 1349 700 1400 diminutione

161 1442 308 1497 tenuatur.
344 1439 459 1500 septem
487 1449 606 1499 quoque
634 1449 700 1499 per·
788 1436 875 1486 Anat.
911 1448 960 1500 pg.
987 1433 1029 1486 36.
1075 1427 1164 1499 αὐτῆς·
1202 1431 1297 1495 σελήνης

162 1522 386 1585 mutationibus,
395 1535 469 1587 quas
481 1519 576 1588 φάσεις
585 1524 701 1583 vocant
754 1520 850 1587 (princes
868 1518 900 1583 ζ’,

161 1613 220 1659 tuto
251 1622 353 1659 mense
387 1607 595 1671 distinguitur:
633 1621 700 1656 cum
789 1607 829 1662 δὶς
850 1602 998 1675 μηνοειδής,
1021 1603 1062 1660 δὶς
1086 1604 1247 1675 διχότομος,
1268 1605 1297 1658 δι

162 1695 304 1759 nascitur,
335 1711 404 1747 cum
434 1694 466 1746 sst
497 1691 643 1760 διχότομος,
674 1696 702 1743 el.
755 1695 930 1763 ἀμφίκυρτος,
950 1689 1021 1753 {inc}
1043 1689 1229 1756 πανσέληνος.

163 1796 230 1831 cum
254 1780 288 1830 fit
310 1778 486 1847 ἀμφίκυρτος,
509 1795 576 1831 cnm
605 1779 702 1845 plena,
727 1820 730 1835 ,

163 1870 191 1917 et
214 1881 321 1917 rursus
345 1865 520 1934 ἀμφίκυρτος,
548 1883 580 1918 uc
604 1866 702 1917 denuo

163 1949 310 2019 διχότομος,
330 1957 358 2003 et
377 1969 446 2004 cum
460 1955 496 2005 ad
511 1970 565 2005 nos
577 1949 702 2005 luminis

164 2038 358 2091 universitate
371 2040 516 2105 privatur.
536 2033 703 2106 ἀμφίκυρτος

164 2128 329 2189 astantem,
349 2140 418 2177 cum
431 2131 485 2177 etc.
507 2165 532 2177 ..
547 2167 552 2177 .
572 2125 617 2176 sol
630 2139 701 2191 quo·

164 2225 223 2275 que
245 2210 319 2276 ipse,
344 2212 381 2263 de
405 2227 464 2278 quo
488 2212 580 2264 vitam
605 2210 704 2261 omnin
729 2239 731 2243 v

164 2300 348 2361 mutuantur,
367 2298 493 2364 septimo
514 2299 600 2364 signo
623 2296 704 2347 uices

164 2397 234 2433 suus
258 2384 360 2436 variat.
383 2399 452 2436 nam
476 2399 492 2434 a
515 2383 641 2435 solstitio
660 2381 703 2432 hi·
793 2400 841 2449 pg.
859 2384 901 2436 30.
943 2381 972 2433 ai
1001 2378 1140 2451 ἰσημερίαι
1174 2381 1212 2433 δι’
1243 2379 1305 2434 ἑτιτιὶ

164 2470 253 2527 emuli
287 2469 323 2520 ad
361 2469 508 2522 aestivum
545 2467 704 2520 solstitium
730 2510 732 2519 ,
756 2471 852 2537 μηνῶν
870 2467 915 2519 aui
941 2468 970 2519 ιιὶ
987 2466 1091 2535 τροπαί.

164 2555 290 2620 septimo
309 2556 448 2622 pervenit
465 2557 551 2622 signo
570 2559 599 2606 et
617 2557 703 2606 atro-

163 2641 229 2706 pico
248 2656 342 2693 verno
360 2657 458 2708 usque
477 2642 514 2694 ad
532 2641 704 2694 autumnale

165 2729 315 2793 tropicum
345 2729 466 2795 septimi
503 2727 583 2793 signi
619 2742 703 2792 pera·
731 2772 732 2781 ,

164 2815 301 2881 guntione
320 2814 506 2878 perducitur.

251 2936 345 3018 Quae
370 2940 555 3017 sequuntur
578 2936 666 3016 apud
683 2936 892 3002 Macrobium
915 2934 991 3000 inde
1016 2953 1036 2999 a
1060 2935 1079 2998 l.
1096 2934 1123 2998 Ι.
1139 2952 1171 2999 c.
1191 2935 1256 3017 VI,
1269 2941 1310 3001 60

167 3060 272 3122 usque
298 3041 339 3106 ad
365 3059 391 3105 c.
409 3041 467 3119 VI,
482 3045 544 3119 76,¹
557 3040 716 3105 universa
738 3041 807 3105 lere
824 3046 894 3105 tam
910 3043 1068 3104 accurate
1085 3039 1311 3106 consentiunt
1346 3060 1348 3067 ’

165 3164 237 3210 curu
254 3145 305 3223 iis,
330 3163 416 3224 quae
432 3143 599 3207 habentur
613 3143 646 3206 in
663 3142 942 3227 Theologumenis
959 3140 1195 3222 arithmeticis,
1218 3161 1310 3224 quae

167 3253 339 3328 vocantur,
363 3267 417 3331 pg.
433 3252 636 3327 45,13-50‚
652 3253 687 3311 11
714 3246 815 3328 (Ast),
839 3252 877 3310 ut
893 3246 979 3310 alter
995 3246 1137 3310 alterum
1154 3247 1312 3314 vertisse

167 3353 330 3433 videatur,
366 3371 438 3417 cum
476 3370 541 3416 non
575 3351 791 3416 inveniantur
825 3349 913 3431 apud
952 3349 1053 3413 alium
1092 3347 1312 3430 scriptorem.

165 3458 248 3529 Turn
284 3463 396 3521 autom
430 3474 549 3520 rursus
584 3454 788 3519 concordant
822 3451 1011 3519 Macrobius
1047 3458 1080 3515 ct
1109 3450 1313 3522 Anatolius

166 3561 230 3626 Sed
248 3561 288 3625 de
305 3559 577 3625 similitudinibus
593 3559 766 3624 hactenus.
791 3559 867 3623 Non
884 3556 995 3622 omnia
1008 3555 1092 3620 adeo
1105 3553 1313 3625 cohaerent.

165 3665 389 3729 Inveniuntur
411 3682 475 3727 non
499 3680 619 3743 pauca⁴¹
654 3681 740 3742 quae
764 3662 864 3741 plane
888 3664 967 3725 sunt
990 3658 1135 3738 diversa,
1160 3678 1315 3740 quornm

167 3768 253 3847 quod
277 3773 326 3832 est
352 3767 494 3832 maxime
523 3765 737 3830 nieuiorabile
766 3765 951 3845 exemplum
979 3761 1192 3845 legitursub
1217 3774 1314 3833 octo-

166 3872 260 3936 nario
295 3890 442 3935 numero,
488 3869 625 3934 Iustitia
659 3869 755 3948 enim,
792 3886 877 3947 quae
907 3867 970 3931 hoc
993 3865 1066 3929 loco
1089 3862 1245 3933 refertur
1271 3870 1313 3936 ad

167 3977 256 4045 illurn
282 3994 467 4053 numerum,
502 3973 591 4053 apud
615 3972 812 4037 Anatolium
847 3974 1061 4050 nuncupatur
1092 3975 1313 4048 quaternarii

166 4079 296 4144 nominc
310 4077 342 4160 ¹).
389 4077 453 4144 Sed
489 4075 650 4142 eiusmodi
690 4074 924 4155 discrepantiis
962 4092 1027 4138 uon
1064 4076 1180 4152 potest
1218 4077 1314 4143 labe·

167 4188 271 4282 -—---¹-)
291 4187 401 4267 Ocriier·
419 4215 505 4266 Alex.
526 4214 556 4266 in
576 4213 705 4278 Metaph.
730 4228 778 4277 Pg·
797 4211 883 4274 38,10
911 4209 1073 4275 Haydmk:
1100 4207 1143 4271 τῆς
1170 4208 1230 4278 μὲν
1260 4214 1316 4284 γᾰρ

167 4303 331 4365 δικαιοσύνης
358 4301 427 4352 tillon
455 4298 687 4368 inciunsidvcrrtc
712 4292 782 4351 εἶναι
811 4296 838 4349 τό
866 4292 1061 4349 ιίιιτιπεπονθός
1079 4311 1105 4346 τε
1122 4293 1168 4345 acti
1191 4299 1266 4365 ἴσον,
1287 4295 1317 4354 ἓν
