2916 5004
615 384 830 444 ..23-

241 567 349 648 Quam
373 575 446 632 arto
471 569 679 651 cognationis
704 569 835 635 vinoulo
864 570 1111 653 coniungantur
1137 570 1225 635 inter
1252 589 1288 636 se

154 672 218 734 hae
235 671 382 736 Theonei
398 671 473 735 libri
490 677 615 751 partes,
637 692 675 736 er
691 672 743 751 iis,
761 691 846 753 quae
863 673 1012 753 exposui,
1029 673 1288 740 luculentissime

156 774 275 853 elucet,
311 780 344 839 et
377 792 579 855 magnopere
614 775 736 840 haere
761 780 906 857 augetur
929 779 1063 840 nostrae
1088 776 1288 856 suspicionis

154 876 246 942 fides.
282 877 346 943 Sed
371 884 405 941 et
426 882 520 942 reeta
543 877 607 956 via,
631 881 668 942 ut
683 878 730 943 ita
747 878 865 958 dicant,
890 879 976 958 quod
994 879 1130 957 conieci,
1153 899 1289 960 possum

154 980 371 1060 aliquatenus
410 981 626 1061 comprobare
665 987 698 1046 et
736 983 941 1047 confirmare.
1005 981 1162 1048 Servavit
1204 983 1287 1047 enim

156 1083 571 1165 Porphyrius‘hdoderatei
594 1083 668 1147 libri
692 1086 848 1150 nonnulla
871 1084 1026 1165 frustula,
1051 1105 1148 1165 quae,
1172 1105 1288 1166 quam-

156 1206 257 1266 quanr
280 1191 359 1251 sunt
380 1187 568 1267 perbreria
592 1192 704 1252 tamen
729 1188 770 1252 ad
795 1188 892 1253 tidem
917 1188 1104 1254 faciendam
1127 1189 1177 1268 iis,
1201 1208 1288 1269 quae

155 1290 233 1370 dixi,
257 1309 322 1354 non
344 1308 482 1371 prorsus
505 1290 638 1354 inutilia
662 1294 750 1356 sunt.
795 1291 909 1371 Atque
933 1310 983 1371 ea,
1014 1311 1100 1372 quae
1125 1292 1288 1372 dicuntur,

155 1393 196 1457 de
220 1393 361 1458 monade
386 1400 418 1458 et
442 1393 559 1476 dyada
583 1394 645 1457 etsi
664 1412 729 1459 non
745 1393 970 1477 refragantur,
995 1395 1037 1459 ad
1054 1395 1290 1461 stabiliendam

156 1502 304 1561 nostran]
347 1495 572 1561 eonieeturanr
616 1496 697 1561 nihil
739 1497 863 1562 valent.
924 1499 1007 1562 Tun)
1051 1504 1164 1563 autem
1205 1499 1290 1563 haee

156 1600 335 1664 habentur:
363 1597 470 1662 πάλιν
493 1597 555 1680 γάρ
580 1597 651 1662 ἔστι
674 1619 707 1663 τι
730 1599 766 1663 ἐν
789 1605 832 1684 τῇ
856 1601 957 1683 odeat
979 1604 1050 1666 τῶν
1073 1601 1289 1684 πραγμάτων

156 1701 235 1785 ἕχον
259 1701 367 1784 ἀρχὴν
390 1703 448 1766 καὶ
470 1703 577 1784 μέσον
605 1703 663 1766 καὶ
693 1701 870 1786 τελευτήν·
906 1703 996 1768 κατὰ
1030 1707 1092 1768 τοῦ
1127 1705 1289 1769 τοιούτου

155 1804 270 1886 εἴδους
304 1807 363 1870 καὶ
396 1804 486 1869 κατὰ
517 1810 579 1888 τῆς
602 1806 767 1889 τοιαύτης
791 1807 928 1889 φύσεως
951 1805 1013 1872 τόν
1036 1809 1114 1889 τρία
1137 1806 1290 1891 όριδμδν

156 1908 408 1991 κατηγόρησαν.
443 1905 495 1972 διό
530 1909 588 1971 καὶ
621 1911 692 1972 πᾶν
726 1908 765 1973 τό
800 1909 965 1992 μεσότητι
987 1911 1290 1993 προσκεχρημονον

155 2008 319 2093 τριοειδὲς
352 2010 439 2074 εἶναι
473 2012 560 2093 φασί
694 2030 768 2077 oum
803 2012 922 2092 quibus
955 2012 1110 2079 conferas
1144 2014 1291 2079 Theonis

156 2114 222 2198 (pg.
255 2119 324 2192 100,
340 2112 392 2194 13)
427 2114 448 2195 ἡ
483 2110 520 2177 δὲ
554 2110 639 2194 δυὰς
674 2112 893 2181 συνελδοῦσα
926 2121 969 2200 τῇ
1002 2113 1130 2199 μονάδι
1163 2118 1291 2197 γίνεται

155 2217 264 2298 τριάς,
298 2217 372 2299 ἥτις
403 2218 525 2300 πρώτη
554 2215 661 2299 ἀρχὴν
685 2219 743 2282 καὶ
765 2219 854 2301 μέσα
877 2219 935 2283 καὶ
957 2216 1120 2303 τελευτὴν
1143 2217 1209 2301 ἔχει
1232 2269 1290 2284 ...

155 2322 273 2405 Pergit
288 2321 496 2403 Porphyrius
520 2321 578 2384 καὶ
601 2320 752 2386 ἐπὶτῶν
776 2319 892 2386 ἄλλων
916 2319 944 2385 δ’
959 2320 1122 2404 ἀριόμῶν
1145 2321 1163 2387 ὁ
1186 2320 1290 2402 αὐτὸς

156 2424 266 2507 λόγος,
301 2425 421 2505 quibus
456 2425 572 2504 proeui
607 2425 707 2490 dubio
742 2426 907 2508 signifieat
943 2426 982 2490 de
1014 2427 1135 2493 eeteris
1160 2445 1291 2508 quoque

159 2529 304 2594 numeris
339 2529 448 2611 egisse
473 2529 685 2594 Moderatum
698 2530 729 2609 ¹).
776 2530 901 2595 Eorum
936 2529 1089 2610 denique,
1124 2548 1211 2610 quae
1235 2549 1291 2595 ex-

158 2633 292 2712 scripsit
314 2632 354 2697 de
379 2632 516 2697 denario
541 2652 678 2698 numero
694 2634 914 2715 Porphyrius,
939 2653 1013 2698 curn
1030 2633 1199 2698 simillima
1214 2633 1291 2713 sint,

158 2737 317 2802 nonnulla
340 2756 408 2802 una
432 2755 506 2801 oum
529 2737 695 2802 Theoneis
718 2737 825 2817 posui.

251 2872 413 2939 Porphyrii
430 2871 603 2938 (Moderati).
954 2871 1090 2925 Theonis.

193 2967 269 3027 Οὗτοι
294 2967 342 3028 οὖν
370 2975 395 3026 οἵ
421 2973 502 3040 λόγοι,
528 2974 591 3025 καθ’
612 2971 656 3029 σόα
674 2974 700 3026 οἱ

157 3057 283 3129 ῥηθέντες
297 3057 412 3131 ἀριθμοὶ
430 3053 589 3126 έτόγησανῖ)
608 3060 653 3112 καὶ
674 3061 700 3112 οἱ

158 3147 223 3211 ἑξῆς,
255 3145 427 3217 περιέχονται
455 3144 507 3196 dno
533 3147 598 3214 μιᾶς
632 3165 699 3203 τινος

158 3232 233 3290 ἰδέας
250 3233 296 3286 καὶ
319 3232 467 3300 δυνάμεως.
489 3230 585 3296 ταύτην
607 3230 638 3285 δὲ
655 3233 699 3285 δε-

158 3319 228 3372 κάδα
247 3313 304 3372 οἷον
322 3317 427 3387 δεχόδτι
446 3319 698 3389 προσηγόρευσανΒ).

158 3406 200 3458 διό
226 3406 272 3458 καὶ
298 3402 397 3457 τέλειον
423 3402 544 3472 ἀριθμόν
569 3404 614 3455 τόν
632 3403 699 3457 δέκα

157 3488 227 3544 εἶναι
244 3489 375 3559 λέγουσιν,
397 3488 501 3557 μᾶλλον
523 3486 554 3540 δὲ
573 3491 701 3543 τελειότα-
786 3507 834 3557 pg.
857 3493 912 3556 106,
923 3492 947 3544 7.
984 3489 997 3552 ἦ
1024 3487 1116 3559 μέντοι
1142 3490 1222 3546 δεινός

157 3578 230 3646 τον4)
265 3572 399 3640 ἁπάντων,
435 3577 528 3625 πᾶσαν
563 3575 701 3645 διαφοράν
751 3571 951 3645 ἐμπεριέχουσα
980 3577 1072 3627 πᾶσαν
1107 3574 1191 3644 φύσιν
1222 3571 1294 3630 ἐντός

159 3660 281 3733 ἀριθμοῦ
307 3659 353 3713 καὶ
380 3661 436 3712 πᾶν
461 3655 532 3715 εἶδος
558 3662 637 3730 λόγου
654 3663 701 3715 καὶ
754 3659 839 3726 adips,
875 3681 898 3715 κ.
916 3679 936 3714 τ.
955 3661 976 3713 λ.

247 3784 264 3849 ¹)
283 3782 392 3836 Confer
420 3781 516 3848 etiam,
543 3783 625 3849 quod
651 3799 743 3851 supra
772 3784 850 3836 dixit
877 3781 976 3852 ὁμοίως
1002 3780 1033 3835 δὲ
1059 3777 1105 3835 ἐπὶ
1131 3783 1185 3834 τῶν
1206 3781 1294 3834 ἄλλων

158 3865 288 3939 όριθμῶν
306 3867 319 3919 ό
339 3865 415 3923 aitte
432 3869 515 3939 λόγου,
536 3872 588 3924 πᾶς
606 3869 661 3939 γάρ
679 3869 745 3921 κατό
764 3887 844 3920 τινων
859 3868 1003 3937 δυνάμεων
1020 3866 1144 3922 τέτακται.

244 3955 266 4023 2)
284 3955 352 4007 Non
371 3960 415 4008 est
432 3955 482 4008 hio
499 3956 675 4022 ponendum
693 3959 848 4022 punctum,
867 3958 901 4007 ut
918 3955 989 4007 feeit
1006 3955 1169 4007 Nauokius

243 4040 267 4109 3)
288 4041 345 4094 Ofr.
364 4041 449 4093 Anat.
463 4041 524 4109 (pg.
537 4041 571 4095 39
586 4040 675 4109 Hbg.)
693 4041 812 4092 καλεῖται
831 4037 925 4093 δὲκαὶ
944 4038 1050 4108 δεχόδα
1068 4039 1143 4109 παρα
1161 4039 1188 4091 τό
1207 4039 1294 4091 πάντα

159 4123 299 4195 δέχεσθαι.

245 4212 266 4280 4)
284 4213 371 4265 Anat.
390 4211 450 4279 (pg.
470 4212 512 4280 39)
539 4210 656 4262 καλεῖται
683 4208 714 4263 δὲ
740 4209 755 4273 ἤ
783 4210 863 4266 tende
889 4210 983 4280 κρότοι
1003 4208 1048 4262 καλ
1067 4206 1216 4275 παντόλεια,
1235 4202 1296 4262 ἐπεὶ

160 4297 247 4349 πάντα
267 4296 387 4364 περαίνει
408 4336 454 4350 ...
