2916 5004
618 393 831 453 „27-

349 575 504 630 Chalcidii.

156 679 357 747 omnibusque
385 695 422 732 ex
448 695 479 731 se
498 678 695 731 substantiam

155 765 364 818 subministret

338 850 530 917 rationesque
548 853 608 902 tam
626 849 695 900 sim·

157 937 252 1003 plices
288 951 378 1003 quam
413 936 597 1002 multiplices
631 935 698 1000 ipsa

159 1023 315 1087 contineat,
351 1021 458 1074 ceteris
487 1021 622 1074 numeris
652 1020 696 1072 in·

160 1108 320 1160 crementis
383 1107 698 1174 inminutionibusque

158 1194 279 1246 mutatis
301 1198 390 1260 atque
408 1208 447 1244 ex
458 1194 581 1258 propria
593 1197 700 1245 natura

158 1279 379 1342 recedentibus
420 1278 482 1329 sola
519 1279 699 1330 inconcusso

159 1368 226 1419 iure
245 1370 290 1418 est
307 1368 396 1431 atque
414 1363 446 1414 in
465 1367 542 1415 statu
560 1378 613 1415 suo
633 1378 699 1428 per-

160 1455 277 1504 severat
297 1464 416 1516 semper
442 1450 555 1514 eadem,
581 1463 700 1514 semper

159 1536 357 1590 immutabilis
376 1573 402 1588 ..
417 1576 423 1587 .

158 1666 160 1670 .
194 1638 244 1689 pg.
266 1622 322 1687 103,
332 1622 374 1674 22.
400 1636 509 1673 rursus
537 1620 617 1673 enim
644 1619 701 1672 tria

161 1723 307 1761 numerus
338 1708 395 1760 8110
426 1707 556 1774 quodam
591 1720 701 1773 genere

161 1795 289 1847 habetur
311 1793 450 1860 optimus.
478 1791 594 1858 primus
622 1791 702 1844 enim

162 1885 191 1933 et
226 1883 293 1933 ante
324 1894 426 1932 omnes
460 1879 613 1945 perlectus
649 1881 702 1942 est,

162 1965 277 2018 habens
296 1965 425 2029 initium,
443 1963 543 2027 finem,
561 1963 702 2016 medieta-

162 2056 232 2116 tem,
251 2050 363 2118 quibus
382 2052 521 2103 crescunt
539 2064 664 2117 corpora
677 2053 705 2101 et

162 2138 248 2190 iuxta
266 2151 343 2203 quae
360 2151 504 2203 corporea
519 2135 704 2188 incrementa

163 2223 411 2290 progrediuntur:
421 2221 704 2289 quippecuminter·

164 2309 279 2362 vallum
295 2323 392 2360 unum
404 2307 517 2360 lineam
529 2307 626 2371 faciat,
645 2306 704 2359 duo

164 2395 365 2462 superficiem,
395 2394 451 2446 tria
483 2408 593 2460 corpus
626 2392 704 2445 indi·

164 2481 267 2534 visum
294 2485 383 2548 atque
413 2479 615 2543 individuum,
646 2493 705 2545 quo

164 2567 244 2620 nihil
270 2570 315 2619 est
340 2565 511 2632 perfectius
540 2564 598 2616 tria
625 2564 705 2615 enim

165 2654 240 2706 haec
248 2653 406 2705 intervalla
416 2667 525 2718 corpus
534 2649 705 2702 absolvunt:

165 2738 331 2806 longitude,
382 2738 516 2801 latitudo,
563 2735 705 2788 soliditas

167 2825 253 2879 Certe
280 2825 338 2877 tria
363 2824 505 2891 primitus
533 2822 612 2874 dicta
636 2825 708 2874 sunt

167 2911 280 2975 omnia3
317 2910 398 2979 quod
428 2910 465 2962 de
498 2908 616 2961 duobus
648 2906 708 2958 dici

166 3012 230 3049 non
247 3000 352 3064 potest.

202 3100 251 3152 pg.
270 3082 328 3148 101,
338 3083 362 3135 7.
388 3080 506 3134 Deinde
519 3080 577 3132 8118
589 3093 709 3146 quoque

168 3169 333 3237 septenarii
376 3167 497 3221 numeri
540 3165 709 3232 proprietas

170 3255 389 3319 consideratur,
416 3268 506 3321 quam
535 3250 627 3304 ceteri
654 3265 709 3302 nu·

169 3342 246 3395 meri
257 3356 318 3393 non
330 3338 454 3392 habent:
468 3337 627 3405 siquidem,
642 3351 710 3387 cum

169 3428 221 3480 alii
246 3427 375 3491 numeri,
406 3427 460 3493 qui
488 3422 604 3479 finibus.
630 3423 709 3474 deci-

169 3513 252 3567 mani
261 3513 382 3566 numeri
392 3512 592 3573 continentur,
601 3509 711 3575 partim

169 3600 230 3667 ipsi
242 3600 316 3653 alios
328 3598 454 3666 pariant,
471 3595 581 3662 partim
593 3593 630 3646 ab
644 3594 711 3646 aliis

169 3687 335 3753 pariantur,
346 3684 457 3752 partim
469 3687 499 3734 et
509 3681 629 3748 pariant
638 3680 711 3732 alios

171 3777 199 3826 et
216 3772 374 3839 pariantur
392 3770 428 3822 ab
448 3769 523 3832 aliie,
542 3767 624 3820 solus
646 3781 710 3833 sep-

170 3860 306 3912 tenarius
328 3871 474 3910 numerus
491 3868 591 3921 neque
609 3853 713 3920 gignat

171 3961 210 3997 ex
223 3960 255 3998 se
267 3943 359 3997 alium
370 3957 532 3996 numerum
543 3937 711 3992 1111181001-

172 4046 296 4084 manum
320 4030 446 4083 limitem
473 4042 571 4094 neque
599 4041 616 4077 a
640 4039 711 4092 quo·

954 573 1094 625 Anatolii.

748 673 778 728 δὲ
804 675 849 727 ὑπ’
877 669 993 729 οὐδενός.
1021 673 1061 726 διδ
1084 677 1203 728 καλεῖται
1224 678 1291 744 γονη

747 760 796 825 ὕλη
815 754 882 813 οὖσα
900 763 954 812 τοῖν
972 756 1113 830 ἀριθμῶν·

783 847 820 901 ἔτι
928 847 1046 917 περισσή,
1080 843 1167 916 (iptio,
1204 845 1292 918 άρτιο-

751 929 882 1001 πέριοσος,
901 932 987 1002 κύβος.
1022 952 1045 986 κ.
1060 951 1079 987 τ.
1092 934 1114 988 λ.

788 1273 943 1348 άδιοὶρετος,
963 1277 1124 1345 ἀδιάβλητος,
1145 1278 1182 1348 μή
1193 1272 1294 1341 ἐξιστα-

752 1362 820 1434 μὲνη
839 1363 870 1417 δὲ
886 1368 929 1429 τῆς
948 1365 1041 1430 ἑαυτῆς
1063 1365 1171 1434 φάσεως
1192 1361 1294 1434 μηδὲν

753 1451 1004 1522 πολλαπλασιασμῷ.

788 1811 837 1863 pg.
856 1796 897 1849 31.
930 1796 1003 1864 τριάς
1104 1794 1221 1846 καλεῖται
1250 1793 1295 1846 ὑπ’

754 1880 837 1934 ἐνίων
853 1878 956 1947 τέλειος,
983 1880 1021 1935 ὅτι
1041 1882 1143 1951 πρῶτος
1159 1880 1191 1932 τά
1210 1879 1297 1932 πάντα

755 1966 880 2035 σημαίνει
898 1963 987 2036 άοχην
1005 1966 1051 2019 καὶ
1062 1964 1147 2037 μέσον
1160 1965 1206 2018 καὶ
1217 1963 1295 2020 τέλος.

792 2672 841 2723 pg.
859 2657 893 2710 35
923 2656 990 2722 (sub
1021 2656 1115 2722 sept).
1155 2653 1301 2710 διαστάσεις

758 2743 848 2810 μῆκος,
868 2741 970 2806 πλάτος,
988 2741 1080 2810 βάθος.

793 2845 842 2896 pg.
862 2827 903 2880 31.
930 2829 1048 2880 καλεῖται
1067 2868 1091 2881 ..
1108 2867 1113 2880 .
1132 2823 1234 2891 τέλειος,
1264 2823 1301 2877 ὅτι

760 2916 862 2982 πρῶτος
878 2913 909 2964 τά
928 2913 1015 2965 πάντα
1033 2913 1183 2984 σημάίνειῑ)

795 3360 844 3412 pg.
863 3344 904 3396 35.
931 3344 985 3393 τῶν
1003 3340 1034 3394 δὲ
1051 3341 1140 3392 ἄλλων
1159 3343 1213 3394 τῶν
1230 3334 1303 3395 ἐντός

762 3427 873 3482 δεκάδος
891 3427 905 3479 δ
922 3426 975 3498 μὲν

259 4221 278 4289 ¹)
297 4221 377 4272 Theo
396 4236 444 4287 pg.
466 4218 522 4278 loo,
533 4216 576 4269 14:
597 4213 687 4283 πρώτη
705 4207 794 4282 άρχην
812 4209 859 4262 καὶ
875 4206 948 4280 μέσα
965 4209 1011 4261 καὶ
1028 4206 1150 4271 τελευτήν
1171 4204 1238 4274 ἔχει.
1265 4201 1307 4258 διδ

172 4309 217 4361 καὶ
238 4307 327 4377 πρώτη
346 4304 448 4374 λέγεται
466 4303 552 4355 πάντα
570 4297 648 4352 εἶναι.
