2916 5004
748 402 961 460 ..54κ

394 584 542 638 Martiani.
661 592 664 599 ’
790 582 924 635 Favonii.
1048 580 1051 587 ’
1170 578 1324 633 Anatolii.

676 701 836 741 munorum
898 666 1050 759 complet:

677 774 752 824 Nam
771 773 823 825 ΠΙ.
841 773 878 824 11.
898 776 927 825 et
948 773 970 823 Ι.

662 844 703 917 ἱ..
718 899 723 910 .
746 858 895 911 senariam
914 859 1051 926 expedit³

678 945 882 1010 quantitatem.

327 1082 478 1150 pg.261,5.
505 1083 585 1135 idem
598 1098 652 1149 per
1049 1070 1052 1139 1
1097 1097 1147 1147 pg.
1164 1080 1208 1133 34.
1257 1079 1328 1130 καθ’
1356 1075 1421 1139 ἑξάδα
1457 1137 1458 1148 ¹

292 1169 425 1234 primum
455 1171 568 1220 motum
595 1168 652 1221 hoo
1049 1148 1171 1234 Ῐπριῦων
1196 1163 1320 1228 συνέστη
1348 1163 1363 1227 ἦ
1387 1161 1422 1231 cip

293 1259 338 1307 ost
367 1254 495 1321 dyadem
526 1255 652 1306 collatus
1049 1251 1159 1318 ‘emi
1176 1251 1299 1321 effl'ms
1335 1250 1411 1305 1111

293 1340 452 1392 duodecim
474 1340 551 1404 facit,
574 1341 653 1392 inter

294 1441 369 1493 quos
398 1425 473 1479 duos
510 1441 653 1479 numeros
1050 1409 1054 1527 ⁴

294 1511 354 1564 duo
376 1511 469 1564 medii
491 1511 652 1565 inveniun-

292 1601 344 1650 tur
362 1602 416 1651 eto.
1050 1530 1054 1665 i

379 1755 435 1820 Ab
458 1759 598 1835 utroque
621 1774 721 1836 porro
736 1757 924 1838 exponitur,
948 1775 1035 1837 quae
1051 1757 1201 1823 rationes
1218 1754 1417 1822 intercedant

293 1858 381 1923 inter
407 1864 437 1924 6.
461 1863 490 1923 8.
514 1863 543 1923 9.
569 1864 618 1924 12.
642 1878 807 1927 numeros.

380 1962 433 2026 De
467 1962 657 2041 septenario
691 1963 901 2045 disputantes
931 1982 1047 2030 omues
1070 1963 1140 2028 fere
1164 1961 1329 2043 laudaut,
1353 1957 1419 2043 quod

295 2065 388 2131 solus
410 2065 501 2130 intra
523 2063 682 2130 deoadem
706 2067 919 2147 septenarius
944 2085 1049 2148 neque
1073 2064 1175 2131 alium
1197 2063 1317 2149 gignit
1332 2081 1421 2145 nequ

295 2168 445 2252 gignitur
467 2185 508 2232 ex
532 2168 608 2248 alio,
641 2167 783 2250 ideoque
811 2188 944 2236 sacrum
967 2188 1043 2236 esse
1066 2187 1142 2234 eum
1164 2168 1354 2235 Minervae
1376 2167 1421 2232 vir

295 2271 378 2355 giui3
413 2289 527 2337 omnes
549 2270 619 2337 fere
643 2273 783 2338 tradunt
805 2275 915 2353 lunae,
951 2291 1033 2353 quas
1057 2271 1181 2350 dicunt,
1204 2271 1344 2352 pheses
1364 2287 1422 2337 esse

295 2380 423 2456 septem
447 2381 545 2456 atque
569 2394 697 2441 summo
722 2394 890 2444 consensu
913 2376 1042 2443 addunt
1056 2374 1184 2441 lunaris
1201 2370 1423 2442 conversionis

295 2478 366 2545 dies
400 2484 441 2545 28
475 2478 561 2544 effici
597 2485 625 2544 1.
650 2484 679 2544 2.
704 2485 732 2544 3.
756 2487 786 2545 4.
811 2486 840 2545 5.
865 2487 894 2547 6.
921 2485 948 2544 7.
973 2478 1119 2545 numeris
1152 2477 1188 2543 iu
1214 2497 1328 2545 unum
1352 2496 1423 2546 oon
1457 2517 1458 2522 1

294 2582 481 2664 prehensis,
503 2581 538 2647 in
560 2601 629 2662 qua
650 2601 687 2648 re
712 2583 910 2663 exponenda
932 2582 1095 2665 plurimus
1119 2588 1170 2647 est
1192 2581 1315 2648 Varro
1338 2580 1424 2664 (Geli

295 2687 360 2766 III,
375 2685 436 2767 10).
496 2686 571 2750 Nou
609 2703 734 2766 premo,
774 2686 860 2767 quod
898 2685 999 2752 etiam
1037 2685 1070 2750 in
1108 2690 1240 2765 septem
1281 2684 1424 2766 planetis
1457 2743 1458 2758 2

295 2794 423 2871 septem
444 2788 621 2854 Pleiadum
645 2789 761 2868 stellis
786 2789 861 2855 aliis
884 2788 1083 2854 enarrandis
1106 2787 1333 2870 oonoordant,
1362 2806 1425 2856 nou

296 2894 389 2959 nulla
413 2898 527 2958 tamen
548 2910 682 2974 ponam.

341 3063 427 3115 Mart.
446 3077 495 3128 pg.
514 3061 608 3126 263,8.
726 3062 837 3114 Favon.
855 3079 904 3130 pg.
923 3063 948 3126 8,
956 3061 999 3116 20.
1129 3060 1250 3114 Anatol.
1270 3077 1327 3130 pg.
1346 3064 1389 3117 36.

330 3165 440 3219 dehine
471 3165 538 3217 ideo
571 3164 656 3217 homo
718 3167 757 3218 Hi
780 3165 908 3234 (sensus)
927 3170 1043 3232 septem
1103 3162 1209 3235 napata*
1228 3166 1338 3234 χρῆται
1354 3166 1426 3235 κόρκ

295 3256 409 3319 septem
432 3256 547 3304 meatus
569 3249 657 3303 habet
683 3251 882 3304 foraminibus
903 3251 1042 3304 emittun-
1069 3250 1102 3314 ζ’,
1121 3245 1285 3319 ὀφθαλμοῖς
1305 3251 1372 3318 δύο,
1392 3246 1426 3303 ὁὸ

296 3339 329 3391 in
373 3337 468 3404 eapite
516 3337 656 3390 sensibus
684 3342 745 3390 tur:
770 3338 801 3390 II
818 3342 890 3390 sunt
907 3337 1043 3401 visionis,
1070 3335 1127 3401 δύο,
1147 3337 1288 3407 μυκτῆρσι
1306 3335 1426 3404 81111111

297 3424 578 3490 praeparatosduos
589 3439 656 3478 oou·
683 3423 714 3476 II
732 3423 861 3487 auditus,
879 3423 1043 3488 Igustatus
1069 3439 1141 3493 ματι.

296 3511 341 3563 los
360 3525 509 3576 auresque
527 3515 555 3563 et
568 3524 657 3564 nares
683 3510 886 3576 atqueHsunt
894 3510 1044 3574 odoratus

296 3597 419 3649 totidem
443 3601 472 3649 ot
495 3610 528 3648 os
552 3611 655 3650 unum.
684 3596 809 3663 quintus
846 3600 951 3660 taetus,
991 3596 1044 3662 qui

363 3684 477 3748 septem
496 3682 583 3735 otiam
606 3698 657 3735 na·
684 3696 738 3748 per
778 3682 869 3734 totius
910 3683 1044 3748 eorporis

298 3767 658 3822 turaabstrusitmembra
684 3767 819 3820 membra
840 3768 971 3821 diffusus
992 3772 1045 3834 est,
1105 3766 1255 3836 σπλάγχνα
1305 3770 1344 3837 ζ’,
1389 3765 1423 3823 aa

296 3853 411 3907 vitalia:
439 3854 579 3921 linguam,
599 3870 657 3920 eor,
684 3854 803 3906 nullum
843 3853 932 3907 habet
969 3856 1044 3908 fora·
1070 3853 1194 3924 μαχοςῖ),
1218 3855 1343 3925 καρδία,
1366 3851 1422 3911 urei

296 3940 479 4006 pulmonem,
539 3941 658 4005 lienem,
684 3940 788 4005 men1).
1071 3960 1141 4010 μων,
1164 3932 1250 4010 ἧπαρ,
1275 3943 1379 4010 σπλήν,
1400 3954 1423 3992 re

295 4027 382 4078 ieeur
411 4029 440 4078 et
470 4027 528 4079 duo
560 4042 658 4081 renos,
1073 4024 1141 4094 qipol
1160 4023 1218 4081 δύο.

384 4233 402 4299 ¹)
421 4232 470 4285 Sic
491 4232 661 4285 emendavit
681 4230 863 4286 Skutschius
881 4231 931 4283 11.
950 4246 1000 4297 pg.
1015 4233 1072 4283 199.

380 4317 402 4386 ²)
422 4318 511 4371 Theo.
530 4333 579 4388 pg.
594 4317 707 4384 104,15:
795 4316 936 4387 γλῶσσα,
956 4315 1056 4387 καρδία
1091 4316 1143 4371 nai.
