2916 5004
621 389 836 449 ..43-

154 572 292 654 lactari,
327 574 415 655 quod
439 575 593 655 superius
617 574 695 654 dixi,
729 575 763 638 in
791 573 984 639 universum
1008 574 1107 639 etiam
1131 575 1295 640 Macrobii

155 677 420 772 disputationem
453 698 527 745 esse
562 680 717 761 rivulum,
752 685 789 744 ut
821 679 870 744 ita
893 677 1012 758 dicam,
1036 677 1183 743 eiusdem
1206 679 1294 744 illius

154 781 273 862 fontis,
297 802 315 848 e
339 802 405 864 quc
429 789 653 850 manaverunt
674 783 707 863 ii,
731 782 772 849 de
796 782 916 864 quibus
940 781 1007 847 iam
1031 781 1170 865 egimus

248 971 430 1054 Quaeritur
465 992 545 1056 ergo
578 974 731 1055 primum,
766 991 806 1037 ex
839 990 983 1053 quonam
1005 969 1078 1052 ipse
1101 971 1294 1037 Macrobius
1326 970 1329 976 ’

155 1074 225 1140 sua
258 1076 419 1142 hauserit.
465 1077 580 1157 Atque
614 1076 850 1160 cogitaverunt
881 1074 1032 1140 nonnulli
1055 1073 1118 1138 viri
1141 1073 1230 1139 docti
1253 1073 1293 1138 de

158 1179 312 1245 Varrone
347 1181 419 1247 eius
456 1186 592 1245 auctore
605 1179 636 1261 ¹).
683 1179 747 1245 Sed
782 1180 867 1244 haeo
901 1178 1020 1259 opinio,
1044 1196 1119 1242 cum
1145 1178 1234 1244 nulla
1256 1199 1292 1244 re

156 1283 244 1348 satis
279 1284 502 1363 confirmetur,
537 1302 623 1364 quae
659 1283 770 1348 multis
805 1282 980 1360 refutetur,
1015 1279 1117 1364 digna
1145 1301 1209 1347 non
1233 1287 1292 1348 est.

156 1385 272 1451 Aliter
304 1387 467 1452 iudicavit
489 1387 590 1470 Hugc
613 1386 809 1466 Linteus2),
846 1385 900 1467 qui
932 1383 1051 1449 statuit
1075 1403 1092 1448 e
1116 1385 1294 1468 Porphyrii

155 1490 193 1554 in
218 1490 370 1555 Platonis
392 1491 565 1555 Tirnaeum
599 1490 837 1556 coirrmcntario
871 1489 904 1553 in
934 1486 1129 1555 universum
1152 1508 1214 1554 sua
1237 1489 1292 1554 de-

156 1593 365 1674 prompsisse
388 1593 604 1658 Macrobium.
653 1592 717 1658 Sed
742 1597 774 1656 et
798 1592 860 1672 hic,
896 1594 1049 1672 quamvis
1077 1592 1214 1674 propius
1238 1611 1292 1657 ac-

158 1696 300 1762 cesserit
323 1696 364 1761 ad
389 1696 576 1775 veritatem,
610 1702 722 1760 tamen
755 1696 890 1760 erravit.
937 1695 1044 1762 Nixus
1069 1701 1121 1761 est
1144 1694 1293 1762 Linheus

158 1801 233 1865 loco
268 1800 381 1880 aliquo
404 1799 632 1879 Macrobiano,
666 1799 721 1864 ubi
757 1799 951 1864 nominatim
987 1799 1178 1865 afferuntur
1211 1800 1293 1865 Por·

158 1904 268 1985 phyrii
303 1902 531 1968 commentarii
542 1903 577 1982 ³),
615 1922 680 1967 non
719 1902 937 1968 considerans
971 1921 1097 1968 morem
1132 1902 1292 1969 eiusmodi

159 2007 422 2086 compilatorum,
439 2007 505 2087 qui,
522 2025 596 2071 cum
615 2006 712 2071 valde
726 2006 885 2071 adament
896 2008 992 2086 quasi
1004 2006 1132 2071 iactare
1147 2005 1292 2072 virorum

157 2110 418 2176 clarissimorum
442 2110 586 2190 nomina,
611 2111 683 2176 eius
707 2117 817 2175 tamen
843 2109 1002 2189 auctoris
1026 2110 1122 2176 cuius
1137 2115 1293 2191 premunt

158 2213 315 2296 vestigia,
350 2232 468 2278 nomen
500 2213 653 2279 consulto
677 2212 851 2278 reticeant.
872 2269 875 2273 ,
899 2212 1050 2294 Quorum
1074 2232 1137 2278 usu
1160 2212 1292 2278 minime

157 2317 351 2398 discrepare
385 2317 592 2382 Macrobium
632 2316 790 2397 quoniam
825 2316 908 2381 satis
942 2315 1087 2381 dilucide
1122 2336 1163 2382 ao
1196 2317 1292 2398 plone

157 2421 401 2486 domonstravit
416 2418 629 2501 Wissowa4),
654 2439 715 2503 ego
732 2421 796 2485 hac
812 2439 848 2484 re
866 2419 1064 2499 exponenda
1080 2421 1291 2500 supersedeo.

158 2525 255 2608 Quod
291 2544 371 2608 ergo
406 2544 447 2589 ex
481 2525 545 2590 hao
567 2523 729 2590 Macrobii
765 2521 1005 2588 consuetudine
1037 2523 1148 2606 colligi
1171 2529 1292 2604 potest,

156 2629 239 2709 ipsis
277 2628 386 2706 rebus
425 2646 511 2708 quae
550 2626 759 2706 exhibentur,
804 2625 846 2690 ad
889 2623 1050 2705 liquidum
1087 2624 1291 2706 perducitur.

156 2731 330 2814 Neglectis
364 2730 451 2796 enim
486 2730 570 2809 aliis,
614 2749 701 2810 quae
744 2729 812 2794 sint
849 2728 984 2794 minoris
1023 2729 1189 2809 momenti,
1227 2750 1292 2796 unc

160 2835 311 2915 exemplo
344 2853 399 2900 res
434 2833 614 2900 conficitur.
661 2832 802 2899 Proolus
826 2850 1007 2912 exponens
1042 2832 1198 2913 qualibus
1222 2834 1291 2899 dia-

159 2937 355 3021 grammatis
391 2937 440 3001 usi
475 2942 587 3002 essent
624 2936 746 3021 singuli
783 2936 983 3016 interpretes
1021 2935 1055 3000 in
1094 2936 1292 3017 explicando

159 3041 313 3106 Platonis
337 3040 377 3105 de
400 3040 590 3105 mundanae
614 3040 746 3105 animae
762 3039 994 3121 procreatione
1011 3039 1094 3117 loce,
1121 3039 1256 3105 tradidit
1268 3040 1292 3123 ⁵)

159 3144 382 3225 Porphyrium
394 3143 627 3224 repudiavisse
640 3144 730 3209 illam
745 3142 974 3226 καταγραφὴν
987 3139 1180 3225 λαβὸοειὸῆ,
1196 3163 1292 3224 quam

160 3258 270 3326 vocat,
305 3253 339 3311 et
371 3247 524 3327 posuisse
558 3265 723 3325 numeros,
759 3247 876 3327 quibus
908 3245 1013 3313 utitur
1035 3246 1145 3326 Plato,
1168 3246 1199 3310 in
1225 3266 1294 3312 una

156 3457 210 3506 τοῖς
229 3449 356 3520 ἀριθμοῖς
373 3452 446 3502 τοῦτο
464 3448 630 3519 εὑρίσκοντες
647 3448 687 3514 ὄν,
711 3449 755 3501 ded
774 3451 847 3501 τοῦτο
865 3448 911 3500 καὶ
929 3447 974 3499 cdv
993 3447 1078 3502 ἰσάκις
1097 3450 1155 3499 ἴσον
1174 3443 1295 3519 ἀριθμόν

158 3539 266 3606 πρῶτον
283 3536 376 3606 ἔλεγον
393 3533 463 3589 εἶναι
481 3535 652 3598 δικαιοσύνην
671 3576 718 3589 ...
738 3538 828 3587 τοῦτον
846 3533 877 3587 δὲ
895 3536 920 3585 οἱ
937 3532 989 3602 μὲν
1007 3534 1053 3585 τὸν
1064 3530 1180 3603 τέσσαρα
1194 3534 1293 3605 ἔλεγον,

157 3621 218 3679 ἐπεὶ
236 3626 340 3692 πρῶτος
358 3623 397 3677 ὥν
414 3625 575 3693 τετράγωνος
593 3622 631 3678 εἰς
650 3625 695 3675 ἴσα
714 3621 854 3691 διαιρεῖται
871 3620 915 3672 καὶ
935 3619 1004 3673 ἔστιν
1022 3622 1077 3676 ἴσος
1097 3618 1148 3686 (δὶς
1160 3621 1214 3690 ydp
1228 3621 1295 3689 duo).

249 3712 266 3778 ¹)
286 3711 335 3765 Sic
353 3711 559 3778 Eyssenhardt
578 3713 673 3776 (Mart.
693 3709 812 3776 Capella
831 3726 878 3776 pg.
900 3710 961 3775 LV)
990 3714 1019 3760 et
1045 3708 1156 3761 Holzer
1175 3709 1293 3775 (Varro-

157 3799 259 3862 niana,
277 3799 346 3851 Ulm
367 3799 450 3865 1890).

246 3883 266 3952 ²)
285 3870 368 3938 [lber
386 3884 566 3938 Macrobius'
587 3884 776 3936 Commentar
805 3899 843 3934 zu
871 3881 930 3934 Cic.
951 3881 1051 3935 Somu.
1072 3881 1150 3947 Scip.
1176 3881 1294 3948 (Philol.

158 3969 312 4023 Abhandl.
330 3971 380 4022 fiir
398 3972 437 4024 M.
456 3972 547 4023 Hertz
566 3986 615 4037 pg.
635 3970 686 4023 240
704 3969 787 4037 sqq.).

246 4055 270 4125 3)
287 4056 326 4122 ΙΙ,
343 4057 397 4121 ΙΙΙ,
411 4060 448 4110 Ιὸ.

245 4141 266 4210 4)
284 4142 329 4194 De
355 4143 504 4195 Macrobii
532 4142 772 4196 saturnaliorum
799 4143 869 4192 font.
899 4155 962 4205 cap.
981 4141 1047 4203 tria,
1076 4140 1153 4192 Diss
1172 4139 1293 4192 Vratisl.

161 4228 229 4281 1880
246 4244 295 4296 pg.
314 4228 391 4282 2-8.

246 4313 269 4382 ⁶)
287 4314 324 4367 In
342 4315 498 4369 Timaeum
517 4314 566 4368 192
586 4316 681 4368 B-D.
