2916 5004
415 1280 450 1361 1.
483 1280 554 1360 De
582 1279 829 1361 Anatolio.

146 1475 258 1540 Eldidit
280 1493 387 1556 nuper
402 1474 434 1539 J.
447 1474 486 1539 L.
499 1473 702 1557 Heibergius
727 1493 766 1538 ex
788 1471 902 1539 eediee
918 1473 1049 1538 Menae.
1064 1491 1111 1556 gr.
1129 1477 1193 1537 384

58 1578 210 1643 Anatolii
245 1577 412 1658 quendam
445 1576 592 1641 libellum
627 1575 771 1642 nendum
806 1575 1024 1661 divulgatum,
1059 1576 1115 1657 qui
1143 1576 1192 1640 in·

58 1681 217 1746 scribitur
254 1678 450 1746 Ἀνστολίου
484 1680 564 1761 περί
598 1676 743 1760 δεκάδος
777 1679 835 1743 καί
868 1683 940 1744 τῶν
962 1677 1061 1760 έντδς
1085 1677 1193 1762 αὐτῆς

59 1781 224 1867 ἀριθμῶν
236 1783 267 1865 ¹).
304 1782 408 1850 Ouius
431 1783 533 1848 libelli
556 1781 746 1866 fragmenta
765 1782 831 1847 iam
849 1781 971 1847 dudum
989 1786 1086 1846 erent
1103 1786 1192 1862 nola,

59 1886 181 1969 quippe
216 1905 303 1967 quae
325 1886 543 1952 inveniantur
568 1887 602 1950 in
626 1884 905 1970 Theologumenis
929 1885 1148 1951 arithmeticis
1157 1886 1193 1966 ²),

57 1995 238 2071 praeterea
274 1994 381 2056 totum
420 1990 616 2072 opuseulum
654 1989 803 2056 auctoris
838 1989 968 2055 nomine
1003 1989 1126 2056 emisse
1159 1989 1194 2054 in

58 2093 216 2159 Latinum
251 2113 451 2161 eonversum
474 2093 644 2178 Georgius
668 2093 770 2158 Valla
802 2093 895 2175 operi
929 2112 989 2158 sue
1016 2091 1193 2176 indigeste,

58 2197 113 2263 eui
136 2202 189 2263 est
211 2198 329 2264 titulus
355 2196 415 2278 „de
440 2196 636 2279 expetendis
659 2201 693 2262 et
714 2195 882 2281 fugiendis
897 2195 1030 2274 rebus“‚
1053 2195 1196 2261 inseruit

58 2297 127 2383 (lib.
151 2297 416 2384 111,10-20)³).
463 2299 546 2383 Quis
579 2299 643 2366 fuit
674 2300 731 2365 ille
759 2299 962 2365 Anatolius?
1008 2298 1194 2365 Audiamus

59 2403 100 2468 de
125 2422 164 2468 ee
187 2403 371 2469 Eusebium
393 2403 482 2483 (hist.
507 2403 688 2490 eeel‚‚„VIl,
702 2409 753 2482 32,
767 2399 813 2485 dl:
848 2399 1069 2483 ,,Ἀνατόλιος
1099 2401 1195 2484 αὐτῷ

61 2503 124 2590 (τῷ
141 2503 311 2591 Ιθάσεβίῳ)
336 2503 504 2588 διάδοχος,
529 2506 635 2588 φασὶν
659 2503 793 2586 ἀγαθός
816 2502 950 2588 ἀγαθῷ,
975 2502 1194 2584 καθίσταται,

61 2610 159 2690 γένος
181 2608 246 2691 μέν
269 2609 328 2673 καί
352 2607 458 2689 αὐτὸς
478 2605 723 2691 Ἀλεξανδρεύς,
746 2606 859 2690 λόγων
883 2605 1015 2672 δ’ένεκα
1038 2609 1096 2673 καὶ
1118 2630 1196 2673 παι-

61 2709 154 2791 δείας
176 2717 239 2795 τῆς
259 2709 431 2795 Ἑλλήνων
455 2709 663 2795 φιλοσοφίας
686 2731 723 2776 τε
745 2710 789 2776 τὰ
812 2715 937 2794 πρῶτα
959 2715 1031 2777 τῶν
1046 2709 1197 2794 μάλιστα

61 2812 143 2879 καθ’
167 2815 258 2897 ῆμάς
282 2812 534 2898 δοκιμωτάτων
558 2813 843 2898 ἀπενηνεγμένας,
878 2813 938 2879 άτε
961 2813 1196 2899 ἀριθμητικῆς

60 2919 119 2983 καί
141 2921 351 3001 γεωμετρίας
374 2917 608 3002 ἀστρονομίας
630 2938 667 2982 τε
689 2919 748 2982 καί
766 2924 830 3002 τῆς
846 2916 953 3001 ἄλλης
969 2915 1194 3003 διαλεκτικῆς,

62 3021 112 3086 ἔτι
145 3041 182 3086 τε
216 3028 366 3106 φυσικῆς
399 3020 562 3105 θεωρίας,
598 3022 792 3106 ῥητορικῶν
825 3042 862 3086 τε
897 3020 940 3087 αὖ
970 3021 1196 3106 μαθημάτων

61 3122 239 3207 ἐληλακὼς
272 3126 321 3206 είς
356 3124 477 3208 ἀκρον·
507 3124 549 3191 οὗ
575 3124 676 3190 ἕνεκα
698 3126 757 3190 καὶ
779 3131 842 3210 τῆς
864 3125 918 3190 ἐπ’
947 3123 1196 3208 Ἀλεξανδρείας

66 3226 319 3311 Ἀριστοτέλους
342 3226 504 3314 διαδοχῆς
527 3230 592 3313 τῆν
614 3226 794 3313 διατριβὴν
816 3227 918 3310 λόγος
938 3227 1005 3312 ἔχει
1020 3228 1109 3313 πρὸς
1125 3234 1196 3295 τῶν

61 3330 143 3417 τῆδε
166 3330 322 3398 πολιτῶν
346 3331 587 3416 συστήσασθαι
610 3331 718 3397 αὐτὸν
741 3330 937 3417 ἀξιωθῆναι
960 3382 1017 3397 ...
1062 3330 1109 3397 Οθ
1132 3332 1197 3415 μέν

63 3434 126 3501 οὖν
159 3434 387 3520 ἐσπουδάσθη
421 3435 567 3502 πλεῖστα
597 3442 647 3520 τῷ
674 3434 858 3519 Ἀνατολίῳ
881 3436 1117 3518 συγγάμματα,
1142 3456 1198 3500 το-

64 3542 175 3603 σαῦτα
199 3536 279 3621 δἐίς
301 3541 393 3623 ῆμάς
422 3538 581 3624 έλῆλυθε,
617 3537 659 3604 δι’
688 3538 737 3605 ὧν
761 3539 870 3604 αυτοῦ
897 3537 1118 3623 καταμαθεῖν
1142 3537 1197 3604 δυ-

62 3640 171 3707 νστὸν
194 3642 283 3725 ὁμοῦ
307 3643 347 3708 τό
370 3663 408 3708 τε
429 3641 546 3724 λόγιον
569 3644 628 3708 καί
651 3640 867 3726 πολυμαθές,
902 3642 939 3707 έν
974 3643 1026 3725 οίς
1047 3641 1198 3726 μάλιστα

63 3744 107 3808 τὰ
141 3747 221 3829 περί
254 3750 317 3812 τοῦ
352 3747 469 3830 πάσχα
503 3743 654 3828 δόξαντα
758 3747 817 3811 καί
850 3744 1131 3830 ἀριθμητικάς
1162 3744 1198 3811 δέ

64 3846 314 3915 καταλέλοιπεν
349 3849 368 3916 ὁ
403 3849 510 3932 αὐτὸς
543 3849 580 3915 έν
615 3847 708 3931 ὅλοις
743 3846 825 3915 δέκα
853 3849 1112 3933 συγγράμμασιν
1134 3851 1198 3915 είσ-

153 4053 171 4120 ¹)
189 4055 323 4108 Annales
341 4055 587 4108 internetioneles
607 4053 766 4108 d'histoire.
803 4053 936 4123 Oongrds
960 4055 997 4108 de
1019 4055 1199 4109 Paris1900.

65 4141 95 4191 σθ
114 4139 228 4191 section
246 4141 378 4194 Histoire
397 4141 450 4195 des
469 4142 613 4194 seienees.
649 4140 800 4193 Librairie
819 4141 905 4194 Oelin
922 4141 1018 4208 (Paris
1037 4140 1124 4209 1901).

151 4225 171 4291 2γ
190 4227 235 4278 ed.
254 4227 303 4279 Fr.
322 4228 385 4292 Ast,
404 4227 484 4294 [ἀρε.
504 4225 737 4281 ΜΒΟΟΟΧἯΙ.

151 4311 172 4378 ³)
191 4312 293 4364 confer
311 4311 446 4381 Heiberg
465 4327 514 4380 με.
533 4312 576 4369 27.
