2916 5004
623 375 832 434 ..14-

161 580 246 642 quae
270 561 438 626 habentur
461 558 549 640 apud
572 564 759 640 utrumque.
795 558 1005 642 Quamquam
1032 571 1142 624 autem
1166 559 1205 622 in
1232 558 1305 622 uni-

161 685 305 745 versum,
339 670 376 729 ut
411 662 533 744 vidisti,
568 663 730 728 eiusmodi
766 671 818 728 est
850 663 1040 744 similitudo,
1073 670 1108 728 ut
1138 662 1306 727 facillime

72 826 79 838 .
160 769 220 834 tibi
245 769 359 834 veniat
381 767 414 832 in
438 772 581 832 mentem
605 767 748 833 alterum
772 767 918 848 pendere
942 787 982 832 cx
1007 768 1114 832 altero
1127 764 1158 849 ¹),
1186 775 1306 831 tamen

161 871 189 936 si
224 871 424 950 accuratius,
459 887 546 951 quae
580 876 721 950 uterque
755 870 905 951 praebet,
939 871 1073 954 singula
1109 869 1308 950 inspexeris

162 980 264 1056 atque
287 974 482 1054 contuleris,
506 973 628 1040 falsam
652 992 727 1040 esse
749 975 973 1039 coniecturam
991 994 1055 1039 non
1072 972 1185 1039 minus
1203 973 1308 1038 facile

161 1096 355 1161 cognosces.
404 1079 491 1143 Nam
527 1082 564 1143 ut
596 1077 914 1158 praetermittamus
948 1077 1036 1159 quod
1070 1096 1182 1143 rerum
1221 1077 1308 1143 ordo

159 1199 324 1262 persaepe
363 1181 436 1247 sine
474 1181 554 1261 nlla,
594 1199 691 1261 quam
732 1180 863 1261 quidem
905 1181 1149 1264 intellegamus
1196 1199 1309 1270 eausa

160 1287 309 1351 mutatus
333 1289 367 1350 et
389 1285 520 1350 omnino
543 1285 699 1350 turbatus
723 1290 785 1363 est,
819 1285 1126 1365 praetermittamus
1155 1303 1309 1366 quoque,

160 1388 248 1469 quod
273 1389 443 1455 nonnullis
468 1389 550 1454 loeis
568 1389 659 1453 Theo
683 1407 895 1454 numerorum
921 1377 1062 1454 nomina
1078 1388 1190 1467 affert,
1216 1406 1309 1469 quae

160 1510 226 1556 uon
251 1492 418 1557 hahentur
442 1491 529 1572 apud
558 1490 762 1571 Anatolium,
786 1491 1001 1573 vicissimque
1024 1493 1087 1570 hic,
1123 1511 1212 1572 qnae
1240 1511 1310 1556 non

161 1599 295 1665 exstant
320 1595 408 1676 apud
431 1595 536 1675 illum,
572 1600 640 1660 tam
671 1594 809 1660 diversa
832 1601 883 1661 est
906 1596 1077 1676 utriusque
1101 1595 1134 1658 in
1158 1595 1311 1676 singulis

160 1696 348 1764 tractandis
372 1698 470 1777 ratio,
495 1702 563 1764 tam
587 1699 690 1763 multo
707 1698 795 1763 alter
812 1698 918 1764 altero
934 1699 1033 1779 plura
1049 1697 1158 1776 affert,
1185 1717 1311 1778 qnam-

163 1798 261 1886 quam
297 1808 475 1883 utrumque
511 1801 675 1881 epitomen
714 1801 796 1867 dare
834 1808 985 1884 apparet,
1022 1805 1061 1866 ut
1098 1820 1311 1881 persuasum

162 1907 303 1972 habeam
328 1905 493 1972 neminem
516 1924 662 1986 unquam
686 1924 760 1971 esse
784 1904 999 1971 defensurum
1022 1905 1113 1970 illam
1138 1905 1312 1986 suspicio-

162 2030 247 2076 nem
284 2010 398 2091 Quare
414 2009 555 2090 plenius
580 2008 666 2090 quod
683 2008 761 2090 duu
785 2008 1001 2089 comprobare
1020 2008 1182 2088 excmphs
1201 2015 1312 2090 atque

164 2119 345 2197 argument
346 2113 375 2178 is
399 2112 612 2194 supersedeo.

248 2233 453 2319 Priusquam
488 2239 599 2299 autem
633 2235 711 2298 insti
688 2233 806 2298 tituam
835 2239 955 2314 quaest
958 2232 1065 2298 ionem
1090 2232 1130 2297 de
1154 2233 1312 2300 Theonis

163 2339 265 2420 fonto,
300 2337 341 2402 (16
377 2337 461 2402 mira
495 2336 640 2419 quadam
663 2337 832 2419 Tanneryi
866 2336 1020 2418 opinione
1047 2356 1157 2416 pauca
1183 2337 1311 2404 dicam.

163 2443 223 2507 Vir
245 2442 303 2508 ille
327 2441 445 2507 doetus
471 2441 576 2521 „dans
593 2440 767 2525 l'ouvrage
784 2440 824 2505 (16
841 2441 957 2505 Theon
974 2439 1014 2505 de
1031 2439 1184 2522 Smyrne,
1211 2443 1312 2521 ait-'t

161 2543 195 2628 je
212 2545 282 2611 suis
308 2545 493 2611 desormais
516 2544 704 2610 eonvaincu
726 2563 791 2625 que
814 2545 863 2608 les
888 2543 1056 2624 chapitres
1080 2543 1214 2616 relpatiss
1243 2565 1312 2610 aux

164 2649 319 2714 nombres
343 2649 383 2714 (16
408 2649 441 2713 la
466 2647 591 2713 decade
616 2654 692 2714 sont
715 2649 892 2730 etrangers
916 2665 959 2712 au
975 2647 1054 2727 plan
1072 2646 1113 2711 de
1129 2645 1312 2714 l'ecrivain

165 2753 236 2833 plat
237 2752 366 2818 onicien
390 2755 422 2816 et
447 2771 491 2833 qu
493 2751 545 2818 ils
569 2753 803 2832 representem
824 2769 888 2815 une
911 2750 1150 2830 interpolation
1180 2750 1312 2834 byzan-

166 2855 264 2922 tine.
307 2857 402 2921 ..lc
424 2856 494 2921 suis
512 2854 596 2921 donc
611 2854 773 2920 conduit
763 2873 783 2919 a
799 2854 872 2920 voir
889 2858 976 2919 cette
993 2872 1112 2920 source
1129 2872 1312 2922 commune

166 2908 325 3040 (Theonis
349 2963 383 3024 et
368 2959 491 3024 ttAna
477 2956 561 3040 tulii)
585 2958 670 3024 dans
686 2959 735 3024 les
751 2959 1024 3042 Theologumena
1040 2957 1080 3022 dc
1096 2957 1313 3041 Nicomaquo

250 3061 507 3143 Qu’Anatolius
544 3062 591 3127 ait
624 3061 749 3126 extrait
783 3060 823 3127 (16
858 3079 895 3126 ce
924 3060 1032 3125 latras
1056 3079 1101 3125 un
1125 3064 1313 3128 sommairc

168 3166 210 3231 ad
235 3185 330 3232 usum
348 3166 624 3244 christianorum,
659 3184 722 3246 que
746 3165 821 3246 plus
844 3164 920 3230 tard
946 3156 1089 3244 quelqu'c
1114 3163 1315 3233 litterateur

168 3269 325 3351 byzantio
359 3268 407 3333 ait
441 3269 503 3335 fait
537 3271 567 3334 le
592 3271 697 3334 metue
721 3268 846 3334 travail
870 3287 954 3333 avec
977 3286 1021 3333 un
1044 3286 1108 3347 peu
1133 3268 1249 3335 moins
1275 3270 1314 3336 dc

168 3373 324 3457 scrupulo
348 3392 434 3453 pour
456 3372 704 3438 l'introduetion
729 3372 788 3437 des
813 3390 906 3436 noms
930 3370 989 3435 des
1013 3370 1172 3435 divinitds
1188 3373 1314 3440 classi-

169 3495 332 3557 ques
358 3475 627 3556 eenesontla,
662 3476 685 3540 il
721 3484 772 3540 est
795 3475 878 3553 urai,
913 3493 977 3554 que
1002 3473 1061 3538 dos
1086 3471 1316 3555 conjectures

170 3580 253 3644 mais
284 3577 318 3661 je
353 3598 394 3644 ne
429 3580 501 3646 vois
536 3598 647 3645 aucun
676 3579 784 3644 indice
808 3579 863 3660 qui
888 3579 1001 3659 puisse
1025 3597 1076 3642 me
1101 3577 1317 3647 conduirea

169 3683 218 3747 les
242 3682 403 3748 coarterf‘

258 3939 277 3996 ¹l
297 3941 342 3991 Ne
362 3939 443 3992 dicas
462 3944 629 4013 temporum
651 3931 766 3991 ratione
786 3955 840 3990 nos
861 3939 953 3991 uetari
974 3939 1104 4003 cogitare
1118 3953 1154 3988 ex
1169 3940 1318 3995 Anatolio

171 4027 309 4082 hausisse
330 4028 490 4089 Theonem,
517 4041 623 4078 moneo
652 4026 816 4077 coniecisse
843 4026 1036 4090 Tanneryum
1064 4023 1145 4089 (edit.
1166 4025 1318 4095 Heiberg.

172 4127 222 4178 pg.
241 4113 286 4178 56)
314 4113 465 4165 hominem
484 4112 687 4179 Byzantinum
714 4111 883 4162 inculcasse
902 4111 1040 4162 Theonoe
1069 4110 1146 4161 libro
1174 4110 1319 4167 hauoda

172 4200 307 4253 numeris
327 4200 566 4265 disputationem.
605 4200 670 4263 Quia
691 4198 727 4250 (16
746 4214 779 4249 re
798 4199 877 4249 infra
896 4213 990 4264 agam.

259 4303 282 4368 2)
303 4301 435 4370 Οοιι3ι66
454 4302 550 4356 d'hist.
571 4313 685 4368 ..pg.
705 4302 746 4354 56.
