2916 5004
518 421 731 480 ..47-

54 601 258 668 auctoritate
282 608 426 684 constat,
450 605 510 669 soli
535 605 661 686 aliquid
684 610 827 685 possunt
843 607 962 673 docere
980 613 1191 689 quaerentes,

53 704 190 770 cuinam
225 724 287 771 sua
321 706 473 772 debuerit
505 709 677 775 Favonius
700 710 873 794 Eulogius
919 711 1040 792 Itaque
1074 713 1189 777 horum

52 808 218 876 habentes
241 810 404 876 rationem
429 831 681 900 cognoscamus,
704 814 865 879 verumne
889 815 944 895 sit,
977 814 1064 895 quod
1088 834 1192 896 supra

53 911 125 976 dixi
149 913 237 993 quod
263 913 348 978 idem
373 916 478 980 voluit
501 915 730 982 demonstrare
754 917 913 982 Friesius

144 1014 213 1081 Sub
237 1017 378 1082 monade
402 1019 566 1084 simillime
583 1020 753 1106 explicant
768 1021 809 1085 de
826 1040 903 1100 ,uno
919 1020 1000 1086 solo‘
1017 1021 1190 1086 Favonius

54 1119 312 1200 et'lllartianus,
348 1121 432 1201 quod
469 1121 557 1202 apud
592 1127 722 1189 ceteros
750 1122 972 1204 desideratur,
1005 1124 1106 1189 iidem
1128 1123 1190 1189 soli

55 1221 201 1304 dyadem
234 1223 383 1289 institiae
407 1225 652 1306 lunonisque
687 1226 872 1293 nominibus
896 1227 1095 1310 significant,
1130 1245 1191 1292 neo

55 1345 122 1391 non
157 1327 219 1392 soli
253 1326 358 1394 fatum
395 1327 547 1394 tribuunt
584 1347 720 1395 numero
758 1330 904 1395 ternario
917 1327 939 1412 ¹)
977 1331 1191 1411 ternarioque

57 1428 229 1494 affirmant
251 1430 375 1496 factum
400 1451 475 1497 esse
498 1431 655 1498 mundum
665 1429 702 1515 ²).
748 1433 831 1498 Tum
857 1433 972 1499 confer

113 1584 225 1636 Favon.
244 1599 293 1651 pg.
313 1585 381 1648 5,13
401 1584 541 1654 (Holder).
650 1586 736 1637 Mart.
759 1601 807 1653 pg.
827 1585 930 1649 264,‘23
950 1587 1191 1653 (Eyssenhardt).

92 1702 127 1738 ac
146 1688 189 1739 sic
207 1687 240 1739 in
254 1687 378 1740 denaria
391 1704 506 1740 summa
519 1704 597 1741 cres·
686 1688 768 1752 Quae
788 1689 900 1757 (decas)
921 1690 992 1742 lieet
1013 1689 1106 1756 primi
1124 1704 1190 1742 ver-

10 1842 13 1850 y
56 1773 147 1825 cendi
174 1773 244 1825 finis
271 1778 300 1826 et
325 1774 448 1827 initium
472 1775 599 1827 secundi
652 1790 703 1828 sus
738 1776 810 1828 finis
847 1776 894 1840 sit,
927 1776 1077 1829 secundae
1107 1775 1192 1844 (dil)

56 1874 166 1911 versus
186 1863 237 1912 est.
651 1861 788 1914 monadis
807 1862 913 1928 implet
932 1862 1088 1914 auxilium.

146 2016 214 2082 Sub
237 2017 383 2098 pentade
406 1973 503 2083 varia
527 2023 662 2083 exstant
683 2019 772 2100 apud
788 2019 964 2103 Eulogium
982 2020 1022 2085 de
1038 2019 1191 2100 partibus

53 2121 185 2199 circuli,
221 2120 260 2186 de
296 2122 471 2187 altitudine
507 2121 691 2187 altitudinis
727 2123 816 2204 apud
846 2124 930 2190 alies
954 2143 1019 2188 non
1043 2124 1192 2203 inventa,
1296 2148 1299 2152 ’

54 2225 102 2292 ad
119 2243 206 2305 quae
223 2225 345 2305 optime
363 2224 507 2307 quadrat
523 2226 603 2291 illud
628 2227 800 2310 „congerit
816 2226 1079 2311 frigidiuscula“,
1104 2227 1192 2308 quod

50 2331 90 2396 in
130 2331 318 2395 Varronem
357 2330 584 2410 septenarium
626 2350 798 2396 numerum
842 2333 1046 2397 tractantem
1088 2332 1193 2397 iactat

53 2434 191 2501 Gellius
214 2435 279 2514 III,
294 2439 343 2498 10,

193 2589 303 2641 Favon.
322 2603 371 2654 pg.
391 2587 466 2652 6,12.
780 2588 866 2642 Mart.
886 2605 927 2656 pg
954 2589 1064 2652 auam.

93 2691 237 2745 Senarius
263 2706 344 2747 vero,
372 2690 425 2756 qui
452 2690 599 2755 sequitur,
688 2691 848 2744 Senarium
861 2707 933 2750 vero
946 2691 1193 2758 perfectumana-

49 2793 204 2832 numerus
231 2779 382 2842 potentem
409 2791 442 2828 ac
465 2776 599 2846 divinam
652 2777 844 2844 logicamque
873 2792 938 2829 esse
969 2777 1038 2842 quis
1069 2777 1194 2840 dubitet,

51 2867 183 2917 naturae
197 2879 268 2916 suae
282 2863 395 2915 obtinet
412 2865 598 2929 potestatem:
654 2878 722 2914 eum
735 2864 799 2915 suis
812 2863 950 2928 partibus
967 2863 1194 2930 impleaturil.

54 2951 211 3017 siquidem
237 2947 332 3003 τέλειος
358 2950 484 3015 PrImuS,
505 2948 600 3001 idest

54 3038 221 3104 perfectus,
240 3053 305 3090 esse
324 3035 506 3102 repperitur.
529 3034 598 3085 Per·

55 3125 172 3177 fectum
200 3123 380 3175 arithmetici
406 3125 522 3185 uocant,
548 3120 601 3186 qui

56 3226 96 3264 se
115 3210 242 3275 implet
260 3208 397 3275 partibus
417 3208 488 3259 suis

10 3446 19 3453 .
147 3365 242 3448 Quae
277 3366 317 3431 de
352 3364 543 3446 septenario
567 3364 781 3430 Varroniano
815 3364 1028 3430 tradiderunt
1054 3362 1195 3444 Gellius

10 3534 32 3542 -
60 3471 212 3550 Servius,
247 3468 463 3548 Censorinus,
497 3468 695 3548 Martianus,
724 3476 758 3532 et
791 3467 943 3533 similiter
977 3468 1017 3533 de
1055 3469 1194 3549 reliquis

27 3574 219 3659 3numeriS,
255 3573 411 3654 quoniam
447 3572 559 3636 omnia
594 3591 667 3636 cum
691 3571 825 3654 Eulogii
857 3571 969 3636 libello
1001 3590 1195 3655 comparare

54 3697 267 3708 --——-———

50 3806 53 3811 .
149 3747 167 3812 ¹)
187 3745 296 3797 Confer
309 3744 391 3798 Seru.
407 3743 477 3795 Buc.
492 3742 574 3806 VIII,
584 3742 625 3806 76,
644 3741 698 3794 ubi
716 3743 788 3794 item
800 3743 930 3794 Hecatae
948 3742 1074 3794 ternarii
1086 3756 1196 3794 nomen

52 3837 159 3890 datur.

148 3918 170 3985 2)
190 3918 429 3970 Consentaneum
459 3917 503 3967 est
528 3915 693 3981 plurimum
722 3916 830 3967 docere
857 3929 891 3966 ea
917 3914 1092 3980 Eulogium,
1120 3930 1196 3981 quae

52 4006 119 4064 soli
137 4005 250 4057 habent
268 4002 414 4055 Varronis
433 4005 602 4065 sectatores,
621 4002 669 4053 vel
689 4017 730 4066 ea,
758 4016 835 4067 quae
862 4000 1045 4052 verbotenus
1064 4001 1126 4053 fere
1146 4016 1195 4052 ex-

51 4107 167 4164 pressa
185 4091 355 4157 reperimus
375 4088 453 4154 apud
475 4088 594 4139 eosdem
612 4087 688 4140 illos.
750 4081 753 4089 ’

149 4177 171 4245 ³)
190 4177 296 4229 Isidor.
311 4174 392 4241 Orig.
410 4175 429 4226 Ι.
442 4174 488 4226 ΙΙΙ
501 4175 591 4239 (corp.
606 4173 766 4226 Grammat.
779 4173 828 4226 lat.
842 4173 1037 4224 Lindemann.
1058 4178 1125 4224 tom.
1139 4172 1195 4239 ΙΙΙ)

46 4265 188 4340 *pg.107:
216 4264 372 4316 Perfectus
399 4275 545 4312 numerus
565 4264 617 4325 est,
645 4261 699 4327 qui
718 4260 781 4312 suis
800 4259 936 4326 partibus
956 4258 1145 4325 adimpletur,
1165 4263 1198 4312 ut

57 4352 216 4415 senarium
235 4350 325 4402 habet
347 4349 428 4401 enim
447 4350 499 4399 eto.
520 4348 621 4399 confer
638 4363 686 4414 pg.
707 4347 764 4400 104.
