2916 5004
620 339 834 398 ..l-2..

160 523 201 587 de
219 521 365 588 numeris
382 541 563 601 eorumque
578 521 608 584 vi
614 521 757 587 rtntibus
770 521 1027 602 disputationem
1040 519 1130 607 (pgg.
1143 528 1299 587 93—106

162 623 292 706 Hiller).
343 625 436 707 Quae
471 625 517 689 ibi
551 630 765 704 enarrantur,
800 624 966 690 siniillinra
1000 631 1079 690 sunt
1115 626 1172 705 iis,
1213 644 1300 705 quaa

161 734 278 795 extant
293 729 381 809 apud
398 728 606 807 Anatolium,
622 727 706 793 adeo
724 738 760 793 nt
772 727 972 812 Hoiborgius
987 728 1136 793 Anatolii
1154 728 1302 811 singulis

160 834 242 899 loois
266 851 317 914 oa,
351 851 439 913 quae
461 832 630 898 habentur
653 831 742 912 apud
766 833 945 912 Thoonem,
979 838 1149 913 tamqnam
1186 831 1302 898 varias

161 937 323 1003 lectiones
346 935 521 1002 addiderit.
567 935 732 1002 conferas
756 936 854 1000 veliin
882 937 981 1002 haeo:

361 1123 501 1176 Anatolii.

195 1228 237 1292 29,
246 1228 271 1281 4.
290 1222 451 1278 τοσοῦτονδὲ
463 1223 632 1296 προλέγομεν
644 1227 702 1289 νῦν,

162 1313 201 1367 ότι
218 1315 243 1364 οἱ
256 1311 436 1381 Πυθαγόρειοι
455 1310 501 1362 τόν
518 1310 606 1364 πάντα
624 1307 703 1380 άριθ-

161 1400 216 1469 μόν
233 1397 271 1454 εἰς
289 1397 355 1451 δέκα
374 1397 483 1464 άνῆγον,
498 1395 567 1466 ὑπὲρ
588 1395 655 1450 δέκα
673 1395 704 1450 δὲ

162 1482 249 1542 οὐδεὶς
267 1485 304 1539 ἔτι
322 1480 445 1551 ἀριθμός,
463 1477 494 1537 ἐν
511 1482 583 1551 πόση
598 1478 704 1546 αόξησει

162 1570 244 1624 πάλιν
262 1569 340 1641 ἡμῶν
356 1563 574 1639 ἐπιστρεφόντων
590 1564 636 1622 ἑοὶ
653 1589 704 1638 μο-

163 1657 234 1711 νάδα
250 1655 317 1727 μετά
336 1655 363 1707 τό
375 1655 600 1727 συμπληροῦσθαι
614 1657 705 1708 πᾶσαν

163 1744 276 1798 δεκάδα·
305 1739 372 1794 ἄλλά
394 1741 449 1806 καί,
476 1738 514 1793 ότι
536 1739 566 1810 ὲκ
584 1741 705 1808 τετράδος

163 1832 314 1884 συνίσταται
332 1827 346 1892 ἦ
365 1827 451 1894 δεκάς,
477 1826 515 1883 εἰς
541 1828 572 1880 τά
592 1829 706 1899 μάλιστα

162 1918 209 1981 τήν
225 1914 366 1984 τετρακτδν
382 1909 490 1984 ἐτίμων.

198 2175 291 2241 30,18.
311 2172 376 2229 δυάς
387 2169 458 2243 α’ρχη
469 2171 591 2242 ἀριθμοῦ
598 2188 603 2197 ·
615 2171 705 2241 πράτη
725 2231 727 2235 ,

165 2260 230 2324 αὔξη
257 2259 302 2312 καὶ
329 2258 459 2327 μεταβολή
485 2258 524 2314 εἰς
551 2257 638 2310 δυάδα
660 2257 706 2309 καὶ

164 2345 363 2416 διπλασιασμόν
379 2348 423 2411 τῆς
435 2345 564 2415 μονάδος·
584 2384 629 2399 ...
649 2343 706 2412 ε’γει

105 2440 108 2445 ’
164 2432 192 2485 τό
209 2428 343 2501 άνάλογον
355 2434 387 2503 τῇ
398 2430 448 2503 tta
461 2431 506 2484 καί
519 2431 598 2484 παντί
611 2429 707 2492 αἰσθη-

163 2520 212 2591 τῷ·
231 2559 237 2572 .
254 2559 279 2571 ..
315 2516 353 2570 ἔτι
387 2519 433 2570 καὶ
468 2517 563 2581 ταύτην
594 2511 709 2572 ἐκάλουν

164 2606 276 2669 κίνησιν,
294 2601 408 2672 γένεσιν,
426 2602 581 2673 μεταβολήν,
607 2601 708 2671 διαίρε-

165 2707 215 2756 σιν,
241 2691 332 2760 μῆκος,
361 2689 478 2755 αὔξησιν,
506 2689 658 2752 κοινωνίαν,
680 2689 708 2740 τό

165 2777 233 2846 πρός
250 2795 280 2841 τι,

199 2863 241 2929 34,
251 2865 275 2917 6.
303 2862 364 2925 ἑξάς
390 2863 495 2931 πρῶτος
516 2859 611 2916 τέλειος
629 2855 707 2930 άριθ-

164 2949 225 3019 μός·
253 2957 305 3005 τοῖς
329 2949 383 3019 γάρ
403 2945 481 3013 αότῆς
498 2945 609 3016 μέρεσιν
628 2941 709 3014 άριθ-

165 3043 254 3105 μεῐται
273 3036 300 3087 α’
319 3034 345 3104 β’
364 3035 401 3102 γ’,
429 3032 539 3088 άποιεῖ
553 3034 598 3087 τόν
616 3032 642 3090 ς’

165 3119 285 3186 κέκληται
304 3120 334 3176 δὲ
351 3122 445 3192 γάμος,
473 3119 538 3172 διότι
562 3115 640 3174 αὐτὸς
656 3116 709 3186 μὲν

165 3216 218 3264 τοῖς
244 3207 341 3262 ἑαυτοῦ
366 3205 480 3279 μέρεσίν
497 3203 568 3260 έστιν
587 3209 648 3272 ίσος,
675 3204 709 3261 τός

167 3293 305 3359 δέδεικται,
323 3295 369 3346 καί
388 3293 477 3362 γάμου
496 3291 616 3361 ἔργοντὸ
630 3292 709 3363 ὅμοια

166 3387 255 3434 ποιεῖν
271 3380 302 3431 τά
321 3379 421 3448 ἔκγονα
439 3387 491 3434 τοῖς
508 3381 622 3447 γονεῦσι.
645 3379 708 3430 καθ’

167 3466 250 3530 ἑξάδα
277 3468 383 3536 πρῶτον
410 3464 518 3529 συνέστη
543 3465 557 3528 ἦ
578 3464 709 3534 ἁρμονικά

166 3553 275 3622 μεσότης
293 3549 442 3621 ληφθέντος
459 3554 505 3604 τοῦ
526 3552 551 3608 ς’
578 3549 709 3618 ἐπιτρίτου

165 3637 219 3710 μὲν
237 3641 315 3708 λόγου
333 3640 379 3690 τοῦ
398 3639 430 3703 η’,
457 3638 596 3690 διπλασίου
617 3634 647 3688 δὲ
664 3637 710 3686 τοῦ

167 3725 215 3793 ιβ’·
242 3728 279 3796 τῷ
304 3724 359 3793 γάρ
387 3719 459 3795 αὐτῷ
484 3721 562 3794 μέρει
580 3722 594 3775 ό
613 3721 638 3786 η’
656 3723 710 3774 τῶν

168 3811 261 3881 ἄκραν
278 3808 406 3879 ὑπερέχει
424 3809 470 3860 καὶ
489 3806 656 3878 όπερέχεται.

386 3914 410 3949 κ.
428 3913 448 3948 τ.
467 3897 489 3949 λ.

202 4088 243 4151 35,
253 4086 276 4138 6.
309 4084 426 4155 ἑβδομάς
454 4083 523 4154 μόνη
554 4087 607 4136 ταῖν
635 4080 711 4137 ε’ντός

168 4171 278 4226 δεκάδος
296 4166 327 4223 οδ
345 4173 430 4240 γεννᾷ
446 4165 509 4222 οὐδὲ
522 4172 648 4238 γεννᾶται
665 4168 709 4222 ὑπ’

169 4257 247 4308 άλλου
275 4251 396 4325 άριθμοῦ
423 4258 491 4320 πλην
510 4256 562 4309 ὑπὸ
579 4256 709 4327 μονάδος.

956 1123 1093 1176 ThooniS.

789 1227 832 1293 99,
843 1227 882 1279 17.

910 1311 997 1363 πάντα
1014 1310 1068 1380 μὲν
1084 1312 1138 1380 γάρ
1159 1312 1207 1364 τόν
1224 1308 1306 1380 άριθ-

754 1397 808 1466 μδν
825 1396 863 1453 εἰς
880 1397 981 1451 δεκάδα
994 1397 1104 1466 ἤγαγον,
1123 1395 1224 1461 έπειδὴ
1239 1397 1306 1466 ὑπὲρ

755 1483 858 1536 δεκάδα
876 1479 964 1539 ου’δείς
981 1481 1052 1537 ἐστιν
1070 1480 1199 1553 άριθμός,
1228 1484 1264 1539 ἐν
1282 1488 1308 1553 τῇ

754 1565 861 1632 αόξήσει
879 1570 959 1625 πάλιν
975 1570 1053 1640 ἡμῶν
1076 1570 1309 1642 ὑποστρεψάντων

755 1650 802 1710 έπὶ
831 1656 939 1725 μονάδα
970 1655 1016 1707 καὶ
1048 1655 1135 1710 δυάδα
1166 1658 1218 1711 καὶ
1253 1659 1309 1714 τοδε

756 1743 825 1808 ἑξῆς·
852 1742 898 1807 τήν
923 1740 955 1795 δὲ
982 1742 1083 1795 δεκάδα
1111 1741 1158 1797 ἐπὶ
1190 1747 1310 1814 τετράδα

756 1831 945 1884 συνίστασθαι·
973 1825 1005 1881 ἓν
1024 1829 1079 1897 γάρ
1098 1827 1143 1880 καί
1162 1830 1192 1897 β’
1213 1833 1266 1885 καὶ
1286 1833 1310 1901 γ’

757 1917 803 1970 καὶ
822 1915 847 1968 δ’
874 1908 929 1968 ἐστὶ
947 1915 975 1979 ι’,
1004 1912 1070 1967 ὥστε
1096 1915 1154 1971 τοδε
1184 1918 1311 1971 δυνατω-

756 2004 846 2057 τάτους
868 1996 1003 2070 άριθμοδς
1024 2000 1097 2056 έντός
1120 2005 1163 2067 τῆς
1182 2005 1312 2076 τετράδα

759 2093 934 2158 θεωρεῖσθαι.

793 2176 851 2240 100,
861 2177 884 2228 9.
921 2174 1010 2243 πρώτη
1029 2172 1060 2228 δὲ
1078 2175 1143 2238 αὔξη
1163 2176 1214 2227 καὶ
1228 2195 1311 2247 μετα·

756 2261 819 2330 βολὴ
847 2254 877 2314 έκ
903 2258 1021 2330 μονάδος
1050 2260 1088 2316 εἰς
1117 2260 1210 2313 δυάδα
1246 2265 1311 2316 κατά

759 2346 957 2416 διπλασιασμόν
973 2349 1016 2412 τῆς
1042 2348 1169 2416 μονάδος.
1198 2351 1273 2399 καθ’
1284 2348 1312 2413 ἢν

758 2431 806 2496 vlla
824 2431 870 2484 καί
889 2434 989 2486 πάντά
1009 2432 1138 2497 αἰσθητόν
1155 2434 1204 2485 καὶ

760 2606 773 2670 ἦ
793 2604 896 2676 γένεσις
913 2608 959 2659 καὶ
977 2606 991 2670 ἦ
1010 2607 1109 2669 κίνησις
1128 2608 1175 2659 καὶ
1196 2606 1211 2670 ἤ
1231 2609 1312 2671 αὔξη-

760 2712 799 2749 σις
816 2692 862 2745 καὶ
881 2692 894 2757 ἡ
913 2693 1039 2747 σύνθεσις
1057 2691 1103 2745 καὶ
1115 2695 1256 2746 κοινωνία
1270 2694 1312 2747 καὶ

759 2781 787 2833 τό
806 2780 873 2848 πρός
889 2797 919 2832 τι.

795 2867 853 2932 102,
863 2870 887 2920 4.
924 2864 938 2916 ό
965 2863 995 2918 δὲ
1023 2866 1048 2924 ς’
1078 2861 1182 2922 τέλειος.
1216 2861 1312 2927 ἐπειδη

760 2960 812 3007 τοῖς
830 2950 925 3004 ἑαυτοῦ
942 2947 1055 3019 μέρεσίν
1080 2945 1149 3003 ἐστιν
1179 2952 1251 3016 ἶσος,
1283 2950 1313 3006 τός

761 3036 903 3092 δέδεικταν
924 3035 965 3088 διό

760 3123 807 3177 καὶ
824 3123 916 3192 γάμον
934 3121 1017 3174 αὐτόν
1034 3117 1155 3184 ἐκάλουν,

760 3292 820 3350 ἐπεὶ
847 3295 936 3364 γάμου
964 3293 1046 3363 ἔργον
1073 3292 1151 3362 ὅμοια
1181 3304 1263 3348 ποιεῖ
1286 3296 1313 3348 τά

762 3381 860 3450 ἔκγονα
878 3389 930 3436 τοῖς
947 3381 1063 3449 γονεῦσι.
1090 3379 1136 3431 καὶ
1154 3380 1226 3432 κατά
1255 3386 1313 3435 τοῦ·

761 3487 805 3520 τον
824 3464 855 3518 δὲ
871 3469 978 3535 πρῶτον
996 3463 1105 3529 συνέστη
1131 3465 1143 3528 ἡ
1173 3466 1313 3536 άρμσνικη

760 3551 870 3622 μεσότης
888 3550 1036 3620 ληφθέντος
1054 3554 1098 3604 τοῦ
1120 3552 1146 3609 ς’
1173 3548 1313 3621 ἐπιτρίτου

761 3636 814 3708 μέν
831 3638 910 3706 λόγου
928 3641 982 3689 ταῖν
1000 3639 1034 3703 η’,
1054 3638 1193 3690 διπλασίου
1213 3639 1250 3693 δὲ
1264 3645 1313 3694 τοῖν

761 3724 810 3793 ιβ’·
829 3724 856 3782 ς’
874 3724 900 3788 η’
920 3725 968 3793 ιβ’·
996 3727 1031 3794 τῷ
1058 3724 1112 3793 γάρ
1138 3721 1212 3793 αὐτῷ
1233 3725 1313 3797 μέρει

762 3809 775 3862 ό
795 3809 820 3873 η’
838 3812 891 3861 τοῖν
910 3809 1002 3879 άκρων
1016 3808 1144 3878 ὑπερέχει
1157 3807 1203 3860 καὶ
1227 3811 1314 3884 ὕπερ·

762 3893 860 3966 ε’χεται,
880 3896 906 3954 ς’
925 3897 950 3959 η’
967 3897 1012 3964 ιβ’,
1033 3891 1147 3948 τουτέστι
1167 3897 1203 3966 τῷ
1219 3900 1313 3971 τρίτῳ

981 4001 1003 4035 κ.
1022 4002 1042 4033 τ.
1062 3982 1083 4032 λ.

798 4086 889 4150 103,1.
921 4085 964 4135 καὶ
985 4083 998 4147 ἡ
1018 4083 1134 4152 έβδομάς
1152 4083 1183 4137 δὲ
1200 4089 1251 4153 τῆς
1272 4092 1313 4146 δε.

762 4171 843 4226 κάδος
861 4164 928 4224 οὖσα
950 4171 1111 4240 θαυμαστήν
1137 4169 1195 4238 ἔχει
1227 4176 1313 4229 δόνα-

762 4276 818 4326 μιν.
829 4257 911 4326 μόνος
923 4257 977 4326 γάρ
991 4260 1044 4309 τῶν
1055 4256 1129 4311 ἐντός
1137 4261 1182 4322 τῆς
1195 4258 1313 4320 δεκάδος
