2924 5002
740 391 956 452 „40-

470 571 626 630 Macrobii.

277 676 422 740 numeria,
448 675 501 742 qui
518 676 599 728 intra
619 677 723 728 decom
741 681 819 742 sunt,

278 761 315 814 de
334 763 398 814 suis
416 761 553 828 partibus
581 765 703 814 constat.
730 762 820 815 habet

278 847 358 899 enim
377 847 568 900 medietatem
581 852 610 899 et
624 848 740 900 tertiam
753 864 819 914 par-

277 937 337 987 tem
367 935 396 985 et
424 936 541 986 sextam
569 938 685 999 partem
716 936 744 985 et
774 938 820 987 est

277 1019 420 1073 medietas
448 1018 514 1082 tria,
541 1020 628 1071 tertia
655 1034 725 1085 pars
751 1021 819 1083 duo,

276 1107 360 1157 sexta
386 1120 458 1171 pars
485 1120 589 1167 unum,
617 1121 693 1172 quae
720 1107 820 1158 omnia

276 1189 367 1242 simul
386 1205 440 1242 sex
458 1191 580 1242 faciunt.
608 1190 697 1244 habet
716 1195 745 1244 et
763 1192 820 1244 alia

276 1291 349 1328 suae
367 1276 571 1328 venerationis
589 1276 702 1328 indicia
722 1281 775 1329 etr.

310 1413 334 1478 1,
344 1413 394 1478 VI,
406 1414 446 1466 11.
476 1412 547 1465 huie
567 1417 666 1465 autem
683 1429 818 1478 numero,

275 1500 308 1551 id
336 1503 380 1552 est
407 1499 585 1565 septenario,
615 1499 687 1551 adeo
718 1500 818 1566 opinio

276 1585 460 1650 virginitatis
487 1585 619 1650 inolevit,
646 1590 680 1637 ut
698 1586 819 1652 Pallas1)

277 1686 397 1738 quoque
432 1671 588 1724 vocitetur.
627 1687 698 1724 nam
732 1671 818 1736 virgo

277 1756 419 1820 ereditur,
430 1758 630 1824 quianullum
643 1773 680 1810 ex
695 1773 728 1810 se
740 1757 819 1823 parit

276 1858 439 1895 numerum
458 1843 638 1909 duplicatuS,
666 1844 719 1910 qui
739 1844 819 1896 intra

278 1929 435 1982 denarium
454 1934 612 1994 coartetur,
640 1944 730 1997 quem
756 1931 818 1997 pri·

276 2029 361 2066 mum
374 2015 500 2068 limitem
514 2019 627 2068 constat
640 2031 705 2068 esse
714 2031 819 2068 nume·

276 2116 392 2153 rorum:
429 2102 527 2155 Pallas
563 2102 640 2167 ideo,
676 2101 746 2168 quia
781 2118 819 2154 ox

276 2187 371 2238 solius
390 2186 526 2240 monadis
545 2188 607 2239 fotu
626 2191 654 2239 et
674 2188 818 2254 multipli-

278 2272 392 2324 catione
410 2274 565 2338 processit,
585 2273 664 2326 sieut
681 2274 819 2326 Minerva

277 2359 339 2410 sola
367 2373 405 2410 ex
432 2375 493 2411 uno
520 2362 644 2426 parente
668 2364 736 2412 nata
753 2375 819 2426 per-

277 2443 406 2497 hibetur.

312 2583 447 2647 I,VI,36.
494 2599 551 2635 nee
587 2599 648 2635 non
684 2584 819 2636 omnium

279 2685 439 2735 corporum
451 2673 513 2722 tres
526 2673 597 2720 sunt
607 2669 819 2732 dimensionem,

278 2756 442 2822 longitude,
460 2755 595 2818 latitudo,
616 2754 818 2820 profunditas:

278 2842 401 2894 termini
418 2840 612 2893 adnumerato
630 2842 737 2893 effectu
749 2840 817 2892 ulti-

278 2942 334 2978 mo
368 2930 516 2993 quattuor,
554 2931 701 2992 punctum
739 2926 819 2978 tinea

279 3012 455 3078 superficies
475 3018 504 3064 et
521 3012 586 3078 ipsa
604 3013 746 3064 soliditas¹

312 3151 336 3216 I,
345 3150 397 3214 VI,
406 3151 448 3202 45.
484 3151 534 3204 hic
563 3165 710 3203 numerus
740 3147 820 3203 ἑπτάς

278 3252 360 3290 nunc
378 3240 503 3289 vocatur
522 3237 674 3303 antiquato
687 3252 745 3288 usu
757 3237 818 3302 pri·

277 3337 343 3374 mae
361 3321 485 3386 litterae,
505 3322 586 3388 apud
604 3327 720 3374 veteres
740 3323 819 3375 enim

278 3407 380 3462 σεπτάς,
390 3407 587 3472 vocitabatur,
607 3408 688 3475 quod
708 3408 819 3461 Graeco

278 3495 399 3547 nomino
418 3494 585 3546 testabatur
597 3494 819 3546 venerationem

279 3580 411 3633 debitam
431 3595 565 3633 numero.

872 761 897 819 ς’
917 763 951 826 ς’,
972 761 1013 819 δὶς
1030 764 1057 832 γ’
1077 764 1112 830 ς’,
1131 763 1187 834 τρίς
1203 766 1230 836 β’
1252 768 1290 825 ς’.
1318 770 1424 837 πρῶτος

871 848 1004 916 σύγκειται
1021 845 1050 913 ἐξ
1067 850 1181 920 ἡμίσεος,
1207 853 1308 922 τρίτου,
1338 852 1421 908 ἕκτου.

905 1434 953 1486 pg.
973 1419 1014 1472 35.
1051 1416 1167 1490 ἑβδομάς
1183 1421 1252 1490 μόνη
1273 1425 1328 1475 των
1345 1419 1415 1480 ε’ντὸς
1451 1444 1453 1481 :

872 1504 982 1560 δεκάδος
1000 1500 1030 1558 οδ
1049 1507 1134 1574 γεννᾷ
1151 1501 1214 1560 οδδὲ
1230 1512 1361 1577 γεννᾶται
1372 1509 1412 1563 ὑπ’

872 1590 951 1644 ἄλλου
980 1587 1101 1661 άριθμοῦ
1128 1592 1197 1657 πλὴν
1214 1592 1267 1646 ὑπὸ
1285 1597 1410 1665 μονάδος

872 1677 912 1729 διδ
929 1677 974 1729 καὶ
993 1678 1111 1729 καλεῖται
1138 1677 1190 1731 ὑπὸ
1214 1682 1269 1732 τῶν
1288 1687 1410 1752 Πυθαγο-

872 1764 952 1830 ρείων
970 1760 1108 1832 παρθένος
1130 1761 1247 1837 άμήτωρ.

905 2580 941 2634 ἔτι
966 2580 1083 2652 ἑβδομάς
1109 2582 1140 2636 ὲκ
1166 2585 1219 2636 τῶν
1249 2583 1413 2639 διαστάσεων

870 2667 916 2718 καὶ
943 2669 996 2719 τῶν
1021 2669 1158 2739 τεσσάρων
1184 2669 1309 2738 περάτων
1339 2671 1412 2724 συνε-

870 2755 958 2805 στῶσα
977 2754 1094 2809 δείκνυσι
1113 2756 1192 2824 σῶμα
1204 2755 1249 2806 καί
1262 2755 1289 2807 τδ
1305 2753 1413 2826 ὀργανι-

870 2840 930 2890 κόν·
958 2837 1061 2908 πέρατα
1078 2838 1131 2910 μὲν
1149 2847 1268 2910 σημεῖον,
1291 2842 1413 2913 γραμμή.

869 2921 1026 2994 ἐπιφάνεια,
1062 2926 1157 2995 πάχος,
1199 2926 1349 2984 διαστάσεις
1386 2927 1414 2980 δὲ

869 3014 961 3083 μῆκος,
981 3013 1083 3078 πλάτος,
1101 3014 1198 3082 βάθος·

905 3152 1001 3204 Philo.
1015 3152 1052 3204 de
1065 3168 1110 3219 op.
1128 3168 1177 3219 pg.
1192 3152 1234 3216 47,
1247 3154 1269 3205 l.
1306 3150 1351 3204 διό
1370 3172 1416 3224 μοι

871 3236 997 3288 δοκοῦσιν
1019 3237 1045 3288 οἱ
1065 3236 1096 3289 τά
1118 3234 1237 3304 ὀνόματα
1255 3242 1309 3292 τοῖς
1327 3239 1418 3309 πράγ-

870 3339 954 3392 μασιν
980 3318 1008 3385 ἐξ
1035 3318 1122 3392 ἀρχῆς
1141 3317 1355 3392 ἐπιφημίσαντες
1373 3323 1418 3380 ἅτε

871 3407 952 3476 σοφοὶ
982 3405 1093 3460 καλέσαι
1121 3411 1166 3461 τόν
1196 3407 1319 3479 άριθμδν
1351 3411 1420 3467 ἑπτά

872 3492 926 3545 άπό
954 3497 999 3547 τοῦ
1026 3495 1088 3564 περὶ
1116 3491 1196 3549 αὐτὸν
1213 3500 1355 3567 σεβασμοῦ
1372 3499 1420 3551 καί

870 3582 913 3644 τῆς
931 3581 1079 3650 προσούσης
1097 3581 1262 3653 σεμνότητος·
1296 3590 1422 3657 Ρωμαῖοι

367 3789 384 3854 ¹)
403 3789 484 3840 Theo
502 3803 551 3854 pg.
563 3789 620 3851 11³3,
632 3790 658 3841 3:
682 3788 722 3838 διδ
736 3786 782 3838 καὶ
796 3785 892 3852 Ἀθηνᾶ
905 3787 958 3840 ὑπὸ
971 3791 1024 3841 τῶν
1038 3793 1234 3859 Πυθαγορικῶν
1246 3787 1369 3846 ἐκαλεῖτο
1380 3837 1386 3848 .
1398 3837 1422 3849 ..

279 3877 381 3928 confer
409 3874 506 3927 Chalc.
534 3890 582 3940 pg.
605 3875 713 3939 102,10.
758 3876 844 3928 AleX.
872 3876 903 3927 in
931 3877 1061 3942 Metaph.
1088 3892 1136 3942 pg.
1158 3877 1226 3942 39‚4
1253 3879 1423 3944 Hayduek;

279 3962 385 4026 David,
405 3962 520 4027 Proleg.
534 3960 640 4026 philea.
652 3976 701 4026 pg.
715 3961 757 4025 53,
767 3963 798 4014 21
820 3963 927 4015 Busse:
945 3960 1046 4024 Ἀθηνᾶ
1066 3959 1096 4014 δὲ
1114 3959 1216 4030 uranu
1234 3962 1261 4028 (ἡ
1280 3962 1423 4037 ἑβδομάς),

278 4046 370 4110 ἐπειδή
397 4044 488 4113 ὥσπερ
515 4046 681 4112 μυθεύουσιν
707 4046 754 4110 τήν
776 4047 895 4110 Ἀθηνᾶν
919 4045 1062 4116 παρθένον
1084 4043 1219 4101 εἶναικαὶ
1239 4046 1363 4121 άμήτσρα
1382 4049 1425 4122 (ἐκ

278 4138 320 4197 τῆς
338 4135 457 4203 κεφαλῆς
473 4133 527 4201 γάρ
546 4134 591 4184 τοῦ
610 4133 676 4198 Διός,
697 4133 732 4188 ὠς
749 4134 923 4202 μυθεύουσιν,
941 4129 1056 4201 ἐξῆλθε),
1083 4134 1128 4185 τόν
1157 4131 1237 4188 αι’τδν
1254 4137 1357 4205 τρόπον
1375 4141 1424 4194 καὶ

279 4221 292 4277 ὁ
311 4219 377 4273 ἑπτά
396 4220 515 4290 ἀριθμὸς
531 4221 614 4291 μόνος
631 4215 661 4274 ἐκ
679 4223 731 4274 τῶν
750 4220 834 4273 ὄντων
852 4216 924 4276 ἐντὸς
941 4224 985 4285 τῆς
1007 4222 1118 4277 δεκάδος
1139 4221 1198 4275 οὔτε
1220 4223 1331 4277 τίκτεται
1353 4229 1425 4280 κατά

280 4302 579 4374 attenuarentur}
598 4306 678 4358 ἄλλου
698 4304 819 4375 άριθμοῦ
839 4306 897 4359 οὔτε
916 4309 993 4360 τίκτει
1027 4327 1050 4361 κ.
1064 4310 1118 4361 τί
