2916 5004
742 371 957 429 ..20-

484 553 623 607 Theonis
988 552 1107 606 Stobaei
1126 553 1314 622 (Moderati).

283 655 337 727 μὲν
353 655 464 725 ὕστερόν
481 672 550 724 φασι
561 655 609 719 τήν
619 673 646 708 τε
657 656 765 727 μονάδα
778 656 823 707 καὶ
875 655 921 706 καὶ
947 656 994 718 τήν
1021 655 1116 720 δυάδα,
1144 656 1169 707 ol
1188 653 1218 706 δὲ
1238 653 1418 722 Πυθαγόρεια

283 742 330 805 τήν
356 741 452 806 δυάδα,
479 743 504 794 οἱ
530 739 562 794 δὲ
589 737 642 794 σ’πδ
661 743 824 811 Πυθαγόρου
876 742 963 798 πάσας
990 743 1064 810 παρά
1091 742 1118 793 τὸ
1137 741 1194 802 ἑξῆς
1212 742 1258 793 rtis
1281 743 1342 792 τῶν
1361 738 1419 807 ὅρων

285 829 372 884 πάσας
389 827 455 880 nard
474 829 502 880 ro*
525 826 583 891 ἑξῆς
609 829 653 884 uie
679 831 733 880 τῶν
752 827 825 897 ὅρων
875 823 1003 892 ἐκθέσεις,
1031 829 1064 879 δι’
1079 821 1119 877 ὦν
1142 827 1228 896 ἄρτιοί
1250 845 1282 878 τε
1310 826 1358 877 καὶ
1387 841 1419 876 nt·

283 910 411 979 ἐκθέσεις,
427 914 460 966 δι’
472 907 511 967 ὦν
521 913 607 984 ἄρτιοί
615 932 641 967 τε
651 916 696 966 καὶ
708 912 824 982 περιττοὶ
878 915 954 983 periei
974 917 1104 966 νοσῡνισν.

284 1003 414 1067 νσσῦνται,
433 994 561 1053 οἷοντῶν
580 999 613 1055 ἐν
647 1020 670 1054 κ.
690 1019 709 1054 τ.
729 1001 750 1052 λ.

371 1158 496 1225 Eodem
520 1158 617 1224 modo
641 1159 751 1242 pergit
766 1160 857 1224 Theo
881 1158 1046 1224 disserere
1070 1158 1110 1222 de
1127 1158 1307 1222 variorum
1327 1157 1418 1220 variis

286 1263 471 1342 sententiis
505 1261 690 1344 Archytae,
723 1261 879 1341 Philolai,
915 1262 1066 1339 aliorum,
1103 1266 1137 1324 et
1169 1264 1238 1324 tum
1278 1259 1418 1340 explieat

287 1366 401 1433 eodem
425 1364 521 1430 modo
543 1364 583 1430 dc
599 1365 747 1430 numeris
763 1365 845 1445 ipsis
862 1383 1043 1445 eorumque
1061 1363 1286 1444 qualitatihus
1306 1364 1418 1444 ubique

286 1469 425 1536 vocibus
448 1465 601 1546 καλοῦσι,
626 1469 732 1550 φασιν
766 1467 842 1532 aliis
876 1467 1078 1550 significans,
1112 1470 1149 1532 ut
1182 1467 1249 1531 iam
1278 1466 1367 1548 dixi,
1396 1486 1419 1533 se

286 1574 574 1656 Pythagoreorum
599 1571 766 1637 doctrinas
791 1571 958 1649 exhihere,
981 1571 1029 1636 ita
1053 1576 1091 1636 ut
1114 1590 1219 1650 nemo,
1243 1571 1309 1651 qui
1332 1590 1420 1637 accu-

287 1676 394 1743 ratius
429 1694 515 1756 quae
550 1674 688 1754 exposui
723 1674 994 1753 consideraverit,
1022 1673 1176 1738 dubitare
1199 1675 1326 1754 possit,
1355 1675 1421 1756 quin

290 1780 390 1846 etiam
423 1777 553 1858 reliqua
586 1777 653 1842 sint
686 1777 861 1843 Moderati.
908 1777 970 1844 Cui
1005 1778 1217 1843 coniecturae
1254 1777 1354 1858 quod
1385 1797 1421 1843 re·

289 1884 450 1967 fragetur,
475 1901 536 1964 ego
560 1881 694 1961 quidem
717 1882 798 1946 nihil
822 1881 930 1963 video,
954 1900 1154 1961 quamquam
1176 1881 1334 1947 concedo
1354 1901 1422 1947 nou·

290 1987 382 2052 nulla
405 2004 446 2050 ex
468 1985 520 2064 iis,
555 2003 641 2064 quae
676 1985 865 2066 explicandi
899 1985 1009 2066 gratia
1032 1985 1142 2064 posita
1166 1989 1255 2059 suut,
1283 1984 1422 2051 fortasse

289 2089 394 2173 ipsius
418 2106 492 2154 esse
516 2089 670 2154 Theonis.

375 2210 415 2274 In
440 2215 589 2275 extrema
610 2214 707 2290 parte
730 2209 838 2286 huius
862 2208 902 2272 de
928 2228 994 2289 qua
1011 2210 1150 2290 egimus
1174 2207 1424 2287 disputationis

290 2316 450 2397 leguntur
482 2313 566 2377 haec
600 2310 745 2393 (46‚12):
781 2309 821 2375 ὃν
848 2309 931 2393 (scil.
955 2311 1017 2376 cdo
1041 2308 1125 2375 δέκα
1148 2308 1325 2394 ἀριθμόν)
1353 2311 1424 2377 aad

290 2417 407 2499 ἕτερον
440 2413 543 2496 λόγον
576 2413 706 2480 τέλειον
740 2413 875 2498 ἔφασαν
909 2416 942 2478 οὶ
968 2412 1216 2495 Πυθαγορικοὶ,
1253 2418 1359 2498 περὶ
1394 2413 1424 2480 oi

291 2519 394 2586 nord
427 2519 501 2603 τὴν
535 2519 691 2583 οἰκείαν
722 2521 859 2600 χώραν
894 2515 1175 2600 ἀποδώσομεν.
1222 2517 1289 2583 His
1322 2520 1424 2586 verbis

291 2621 469 2689 manifesto
494 2620 536 2686 ad
560 2640 635 2686 eam
650 2622 797 2686 Theonei
821 2622 895 2686 libri
918 2627 1059 2703 partem,
1084 2640 1105 2685 a
1128 2640 1195 2702 qua
1219 2639 1346 2688 sumus
1372 2621 1424 2689 orsi

292 2732 359 2810 (pg.
383 2730 424 2791 93
441 2720 537 2807 sqq),
561 2743 769 2805 revocamur,
792 2745 867 2790 cum
892 2725 958 2790 alio
982 2726 1054 2789 loco
1076 2723 1115 2789 de
1132 2724 1273 2790 denario
1292 2745 1424 2792 numero

292 2849 358 2895 nou
382 2831 514 2912 agatur.
559 2827 672 2908 Quare
697 2827 737 2893 ad
763 2847 837 2893 eam
859 2833 1081 2894 revertamur.
1117 2829 1234 2908 Neque
1259 2829 1423 2914 Thrasylli

292 2951 400 3013 neque
424 2931 566 2997 Adrasti
591 2936 651 3010 est,
686 2935 723 2996 ut
748 2933 813 2996 iam
838 2931 1150 2997 demonstravimus.
1196 2932 1332 2997 Locum
1361 2952 1423 3018 erge

292 3037 400 3118 ipsum
435 3033 663 3114 inspiciamus,
699 3035 725 3099 si
762 3034 840 3114 quid
870 3035 943 3099 elici
966 3034 1082 3114 possit.
1128 3035 1425 3118 Pg.94,10—96,l

294 3140 495 3220 explanatur
518 3137 677 3216 secunda,
701 3157 787 3217 quae
812 3137 943 3215 dieitur,
966 3141 1140 3220 tetraetys.
1187 3140 1305 3217 Atque
1337 3142 1424 3208 iideu

293 3243 327 3308 iu
351 3261 449 3308 usum
471 3247 635 3307 vocantur
661 3242 790 3306 numeri
816 3248 842 3306 1.
868 3247 896 3305 2.
920 3249 950 3305 4.
975 3247 1004 3305 8.
1029 3247 1057 3305 3.
1083 3246 1111 3305 9.
1136 3246 1187 3320 27,
1223 3260 1311 3320 quos
1340 3246 1426 3311 Plato

296 3347 338 3412 ad
372 3344 597 3431 generandam
633 3344 747 3409 mundi
783 3345 927 3408 animam
963 3345 996 3408 in
1027 3343 1164 3408 Timaeo
1199 3343 1376 3428 adhibuit,
1408 3355 1427 3412 el

295 3450 412 3516 codem
434 3447 531 3513 modo
555 3448 776 3528 explicantur,
813 3466 877 3526 quo
901 3447 1054 3512 Platonis
1088 3447 1291 3526 interpretes
1319 3451 1369 3518 iis
1393 3449 1428 3517 usi

295 3559 374 3619 sunt
405 3553 440 3617 iu
473 3551 728 3632 interpretanda
752 3550 905 3615 Platonis
940 3549 1099 3615 doctrina.
1147 3549 1214 3615 Sed
1241 3551 1344 3619 Theo
1382 3557 1428 3620 hoc

296 3659 368 3724 loeo
391 3655 524 3722 omnino
548 3675 614 3720 nou
637 3654 776 3736 respicit
790 3653 871 3718 illud
888 3654 1100 3718 Platonicum
1123 3654 1252 3735 dogma
1293 3656 1429 3724 Numeri

296 3760 553 3827 considerantur
581 3777 642 3839 per
666 3777 712 3837 se,
748 3763 912 3836 quatenus
948 3761 1142 3836 comparent
1176 3757 1208 3819 in
1237 3757 1279 3822 iis
1305 3764 1430 3841 primae

297 3864 444 3930 musicae
479 3862 626 3927 rationes
662 3858 709 3942 (oi
742 3857 944 3940 σελειόσεροι
978 3863 1049 3923 τῶν
1074 3863 1290 3940 συμφωνιῶν
1317 3861 1430 3947 λόγον).

298 3968 428 4051 Quibus
463 3965 621 4046 expositis
656 3965 762 4029 obiter
795 3970 927 4029 tantum
960 3983 1014 4046 pg.
1039 3968 1124 4042 96,4
1151 3963 1288 4028 additur
1328 3968 1370 4033 ἐν
1394 3968 1431 4047 οἷς

298 4068 463 4153 ἀριθμοῖς
497 4070 563 4132 καὶ
596 4068 661 4151 τὴν
695 4068 812 4151 ψυχὴν
847 4070 1045 4150 συνίστησιν
1081 4066 1099 4130 ὁ
1127 4064 1281 4130 Πλάτων
1321 4071 1364 4136 ἐν
1396 4077 1430 4155 τῷ

231 4157 235 4167 ’
302 4174 445 4257 Τιμαίῳ.
480 4173 595 4237 Facile
611 4171 707 4238 vides
726 4176 894 4236 auctorem
913 4173 1089 4237 simulasse
1106 4171 1283 4235 Platonem
1305 4173 1431 4242 illorun

298 4295 511 4342 numerorum
529 4276 676 4340 rationes
692 4276 838 4341 musicas
855 4276 897 4340 ad
915 4275 1058 4340 animam
1075 4274 1189 4338 muudi
1204 4280 1431 4357 generandam
