2924 5002
636 372 830 434 „3-

361 555 505 608 Philonis.

158 656 236 728 μέρει
263 664 412 728 θεωρεῖται.
447 659 495 723 τήν
529 657 706 729 δ’δπόσχεσιν

160 745 299 808 ἀποδείξει
324 741 491 812 βεβαιωτέον.
520 745 549 798 τό
575 743 629 816 μὲν
657 738 706 798 οὖν

160 830 191 885 ἓν
208 834 292 901 γεννᾷ
309 830 369 886 τοός
392 830 451 895 ἑξῆς
478 829 598 886 ἅπαντας
625 827 705 900 άριθ-

158 919 227 992 μοός
255 916 300 971 ὐπ’
331 913 441 973 οὐδενός
469 918 642 987 γεννώμενον
677 916 705 968 τό

160 1006 304 1076 παράπαν·
322 1003 354 1056 τά
367 999 461 1056 δ’όκτω
473 1006 602 1073 γεννᾶται
619 1021 642 1056 κ.
652 1020 672 1056 τ.
682 1003 704 1065 λ,

194 1091 275 1162 μόνος
310 1088 372 1144 δίός
401 1089 473 1160 ἔφην
502 1089 516 1140 ὁ
547 1089 614 1143 ἑπτά
646 1087 706 1142 οὔτε

159 1179 262 1246 γεννάν
296 1172 420 1244 πέφυκεν
456 1175 515 1229 οὔτε
544 1177 704 1245 γεννᾶσθαι.

160 1263 193 1316 δι’
221 1260 254 1326 ήν
281 1259 371 1314 αἰτίαν
397 1263 424 1315 οἱ
449 1260 503 1331 μὲν
530 1262 603 1314 ἄλλοι
630 1260 705 1331 φιλό-

160 1366 241 1419 σοφοι
257 1349 304 1401 τόν
320 1344 441 1418 άριθμόν
452 1350 543 1400 τοῦτον
554 1342 706 1417 ἐξομοιοῦσι

159 1439 191 1506 τῇ
210 1431 322 1504 άμήτορι
340 1436 407 1504 Νίκη
435 1432 482 1485 καὶ
500 1431 635 1505 Παρθένῳ
657 1474 705 1487 ...

160 1521 214 1574 ἀπό
231 1520 349 1591 μονάδος
367 1520 503 1575 συντεθεὶς
527 1519 584 1584 ἓξής
603 1519 617 1572 δ
635 1519 705 1573 ἐπτιὶ

160 1604 280 1678 άριθμός
305 1609 390 1678 γεννᾷ
410 1607 455 1658 τόν
473 1603 540 1660 dmm·
558 1605 604 1659 καὶ
622 1607 707 1658 εἴκοσι

159 1691 259 1749 τέλειον
276 1695 322 1747 καὶ
339 1702 392 1749 τοῖς
415 1691 494 1747 aim&
507 1690 619 1763 μέρεσιν
634 1690 707 1743 ἰσού-

160 1796 255 1849 μενον·
279 1780 292 1832 ό
306 1778 337 1833 δὲ
351 1779 493 1849 γεννηθείς
506 1773 624 1848 άριθμός
639 1773 707 1830 ‹imi-

160 1867 344 1922 καταστατικός
370 1862 425 1921 ε’στι
451 1866 565 1931 σελήνης,
594 1862 643 1934 ἀφ’
675 1856 707 1916 οὗ

161 1952 256 2022 ήρξοιτο
275 1954 411 2025 σχήματος
428 1953 576 2023 λαμβάνειν
599 1949 708 2014 αὔξησιν

163 2037 304 2104 αἰσθητῶς,
331 2039 369 2095 εἰς
395 2038 483 2093 έκεῖνο
510 2039 577 2090 κατά
595 2037 708 2107 μείωσιν

163 2121 397 2194 άνακαμπτοάσης·
421 2123 528 2186 αὔξεται
561 2120 615 2192 μὲν
652 2123 706 2191 γάρ

164 2207 290 2276 άπότής
319 2213 423 2282 πρώτης
457 2208 614 2282 μηνοειδοές
649 2208 707 2262 ὲπι-

163 2298 293 2368 λάμψεως
323 2298 390 2369 άχρι
419 2296 563 2367 διχοτόμου
595 2294 707 2367 ἡμέραις

163 2381 237 2449 ἑπτά,
264 2381 319 2438 εἷθ’
343 2382 445 2454 ἑτέραις
461 2382 598 2436 τοσαύταις
616 2383 707 2445 πλησι-

163 2474 236 2543 φαής
253 2472 357 2541 γίνεται
391 2490 415 2524 τι.
433 2488 453 2524 τ.
473 2471 495 2523 λ.

198 2558 320 2610 Καλεῖται
351 2555 392 2620 δή
423 2554 540 2625 ἑβδομὰς
568 2552 622 2607 ὑπὸ
653 2555 707 2605 τῶν

163 2646 262 2715 κυρίως
300 2650 353 2698 τοῖς
394 2637 526 2701 ὀνόμασιν
569 2639 708 2692 εἰωθότων

163 2733 285 2802 χρῆσθαι
324 2728 371 2782 καὶ
409 2727 576 2796 τελεσφόρος,
615 2720 708 2788 ε’πειδή

162 2817 240 2888 ταότη
268 2817 465 2885 τελεσφορεῖται
493 2813 525 2865 τά
556 2812 707 2881 σύμπαντα.

161 2902 367 2971 τεκμηριώσοιτο
386 2899 448 2953 δ’ἅν
467 2918 503 2954 τις
529 2899 560 2952 ὲκ
585 2900 631 2951 τοῦ
649 2899 709 2949 πάν

164 2991 244 3057 σῶμα
257 2984 403 3058 ὀργανικὸν
415 2986 483 3056 τρισὶ
495 2983 548 3056 μὲν
556 2985 709 3053 κεχρῆσθαι

164 3073 323 3138 διαστάσεσι,
341 3071 427 3143 μήκει,
446 3073 538 3124 πλάτει
560 3071 606 3124 καὶ
617 3069 706 3140 βάθει,

163 3156 281 3229 τέτταρσι
316 3157 347 3212 δὲ
382 3156 487 3227 πέρασι,
524 3159 627 3230 σημείῳ
661 3154 707 3207 καὶ

164 3246 281 3315 γραμμή
290 3244 337 3296 καὶ
347 3242 497 3314 ἐπιφανείᾳ
506 3245 552 3298 καὶ
563 3241 706 3313 οτερεῷ,δι’

165 3324 206 3383 ὦν
214 3328 397 3384 συντεθέντων
406 3329 570 3382 ἀποτελεῖται
582 3328 706 3399 ἑβδομάς.

958 556 1100 610 Anatolii.

755 658 829 715 ἐντός
847 658 958 714 δεκάδος
976 658 990 712 ὃ
1007 656 1061 728 μὲν
1078 658 1107 712 δ’
1128 659 1188 714 timi
1212 660 1294 716 δοάδιι

756 749 885 815 γεννᾶται
891 745 912 815 ¹)
948 764 971 799 τι.
990 762 1010 798 τ.
1029 747 1051 800 λ.

793 1518 847 1574 άπὸ
864 1521 981 1592 μονάδος
999 1521 1137 1577 συντεθεὶς
1158 1520 1175 1574 ὁ
1196 1521 1223 1584 ζ’
1242 1528 1302 1576 παεῑ

757 1608 803 1659 τόν
824 1605 867 1669 κη’
885 1603 984 1658 τέλειον
1002 1606 1047 1659 καὶ
1066 1614 1120 1667 τοῖς
1139 1606 1245 1661 ἑαυτοῦ
1261 1605 1301 1678 μέ·

759 1709 833 1762 ρεσιν
851 1691 1002 1762 ἰσούμενον.
1016 1690 1117 1763 ήμέραι
1135 1694 1253 1759 σελήνης
1268 1695 1301 1759 κη’

759 1780 821 1830 καθ’
840 1776 994 1848 ἑβδομάδας
1011 1781 1268 1850 σομπληρωθεῖσαι.

793 2556 912 2607 καλεῖται
932 2554 978 2606 καὶ
1004 2555 1175 2625 τελεσφόροι·
1205 2556 1301 2628 γόνιμα

758 2641 813 2710 γάρ
830 2640 862 2692 τά
880 2638 1028 2711 ἑπτάμηνα.

794 2897 829 2951 ἔτι
855 2897 972 2968 ἕβδομός
998 2893 1029 2952 ἐκ
1053 2901 1108 2951 των
1137 2898 1303 2955 διαστάσεων

759 2985 805 3037 καὶ
831 2987 885 3037 τῶν
910 2984 1046 3054 τεσσάρων
1072 2985 1199 3053 περάτων
1230 3004 1303 3041 συνε-

759 3073 848 3123 στῶσα
875 3070 993 3122 δείκνυσι
1019 3073 1099 3139 σῶμα
1125 3071 1172 3123 καὶ
1199 3073 1232 3125 τό
1263 3069 1304 3143 όρ-

760 3173 883 3226 γανόκθΨ

255 3506 410 3588 Quinque
433 3505 587 3570 Philonei
621 3505 696 3569 libri
729 3505 873 3588 paginas
903 3503 1128 3584 ῖςοοεεοτίρεί,
1152 3503 1306 3586 reliquas

168 3629 298 3690 novem,
333 3629 420 3690 quae
456 3608 572 3674 eodem
607 3607 704 3673 modo
738 3627 814 3674 cum
836 3608 1042 3673 Anatoliano
1077 3607 1189 3672 libello
1226 3626 1305 3675 οοο·

169 3784 376 3792 *—

256 3865 273 3934 1)
293 3866 344 3918 cir.
363 3867 449 3919 Alex.
468 3865 502 3917 in
521 3863 647 3931 Metaph.
665 3878 714 3931 pg.
728 3864 797 3929 39,3
824 3865 987 3931 Hayduek:
1016 3862 1075 3916 ἐπεὶ
1095 3861 1126 3916 δὲ
1144 3859 1205 3914 οὔτε
1221 3863 1309 3933 γεννᾷ

167 3969 225 4005 τινα
250 3953 304 4003 ταῖν
329 3950 360 4003 ὲν
385 3953 417 4020 τῇ
443 3947 537 4002 δεκάδι
563 3945 693 4018 άριθμοῖν
712 3946 726 4000 ό
744 3946 812 4001 ἑπτά
831 3948 890 4002 οὔτε
908 3951 1034 4019 γεννᾶται
1052 3948 1105 4002 δπό
1123 3967 1191 4003 τινος
1209 3943 1309 4013 mimir,

169 4037 214 4091 διά
231 4039 303 4089 τοῦτο
321 4036 367 4089 καί
381 4036 500 4100 Ἀθηνᾶν
517 4034 611 4104 ἔλεγον
629 4031 722 4089 αότόν·
742 4034 755 4085 ὅ
773 4033 828 4105 μὲν
843 4036 899 4105 γάρ
918 4035 967 4088 δύο
984 4034 1030 4088 τόν
1046 4033 1163 4104 τέσσαρα
1179 4070 1189 4090 .
1203 4074 1231 4088 ..
1252 4033 1310 4089 iii

168 4120 235 4177 ἑπτά
262 4122 321 4175 οὔτε
346 4123 404 4191 τινά
431 4123 516 4192 γεννᾷ
543 4120 602 4174 οὔτε
628 4120 658 4175 ἔτι
684 4139 752 4176 τινος
778 4123 917 4190 γεννᾶται·
941 4121 1043 4186 τοιαότη
1063 4119 1094 4175 δὲ
1110 4119 1157 4173 καὶ
1175 4118 1190 4183 ἦ
1205 4115 1310 4186 Ἀθηνᾶ

169 4210 279 4281 ἀμήτωρ
297 4207 344 4260 καὶ
363 4205 406 4261 ἀεὶ
424 4206 570 4278 παρθένος.
608 4210 686 4262 Plut.
706 4209 743 4261 de
762 4210 800 4262 Is.
820 4212 855 4261 et.
870 4209 920 4262 Os.
939 4225 963 4262 ο.
984 4210 1016 4262 10
1026 4208 1059 4262 b:
1076 4203 1195 4271 Ἀθηνᾶν
1212 4205 1246 4260 δὲ
1262 4208 1310 4273 τήν

169 4291 308 4366 ἑβδομάδα
325 4289 496 4366 (ὠνόμαζον).
