2924 5002
523 85 739 146 ..11-

68 328 71 332 .
149 269 354 338 Utilissimus
377 271 580 352 maximique
601 270 758 335 momenti
776 273 826 336 est
845 269 931 336 alius
947 271 1039 336 locus
1055 267 1196 352 (36,19).

53 373 174 440 Affert
201 375 287 440 enim
310 375 502 455 Anatolius,
525 380 563 440 ut
585 375 777 455 comprobet
804 379 931 454 septem
956 392 1030 440 esse
1054 373 1195 439 chorda·

54 478 271 561 rumlyram,
295 477 379 544 duos
396 477 584 559 Terpandri
600 496 720 544 versus
733 474 766 561 ¹),
792 497 873 558 quos
890 477 987 543 Philo
1003 496 1066 542 non
1084 476 1195 543 habet.

55 580 144 648 Cum
169 585 278 647 autem
303 581 357 646 hic
380 600 449 647 rem
472 581 582 662 ipsam
605 579 638 644 id
662 586 714 646 est
729 581 836 663 lyram
853 580 1092 662 eptachordam
1109 574 1196 647 corn-

55 691 221 751 memoret
245 681 388 768 (46,14),
423 690 566 767 apparot
600 689 659 750 aut
691 685 867 750 Philonem
901 685 976 750 illos
1012 702 1130 751 versus
1152 684 1197 748 -in

55 788 152 855 fonte
188 789 345 854 inventos
383 787 532 854 omisisse
574 792 635 853 aut
671 787 867 854 Anatolium
914 806 970 853 eos
1017 787 1195 853 addidisse.

56 892 212 974 Quarum
246 891 476 957 condicionum
510 886 651 972 primam
676 909 751 957 esse
774 890 846 957 veri
869 889 1069 956 simillimam
1100 890 1198 956 docet

56 993 216 1062 Clemens
254 993 517 1074 Alexandrinus,
557 994 621 1075 qui,
660 993 818 1059 Anatolio
857 997 969 1077 aetate
1008 993 1124 1073 maior,
1161 995 1195 1059 in

55 1099 176 1164 eodem
214 1099 456 1165 sententiarum
494 1102 653 1164 contextu
691 1118 793 1163 unum
830 1097 1015 1179 Terpandri
1047 1081 1196 1164 ¹versum

56 1201 219 1284 ascripsit
250 1200 384 1284 (Strom.
408 1199 628 1283 V1‚1c‚144).
684 1201 804 1282 Itaque
840 1207 916 1267 arta
949 1201 1194 1283 propinquitas

56 1325 147 1388 quae
169 1305 313 1371 interest
334 1305 368 1369 in
392 1303 515 1370 ceteris
537 1304 628 1369 inter
649 1304 824 1370 Philonem
849 1308 882 1368 el
906 1305 1112 1384 Anatolium,
1137 1305 1195 1370 ad-

55 1409 192 1475 modum
227 1407 368 1491 simplici
402 1427 442 1473 ac
476 1407 624 1472 evidenti
654 1407 786 1472 ratione
811 1408 972 1488 explicari
995 1427 1060 1474 non
1083 1413 1196 1490 potest

54 1511 125 1579 nisi
148 1511 328 1578 statuimus
345 1530 410 1576 non
426 1510 569 1576 Philone
586 1529 680 1575 usum
699 1527 773 1576 esse
788 1510 985 1577 Anatolium
1003 1511 1062 1577 sed
1079 1511 1194 1577 eodem

55 1616 150 1681 fonte
174 1621 275 1695 atque
299 1615 484 1680 Philonem.

146 1719 219 1784 Hoc
243 1710 357 1799 quinto
382 1717 523 1799 denique
546 1719 619 1783 looo
643 1718 858 1783 confirmatur
882 1722 984 1798 atque
1000 1718 1194 1799 comproba·

55 1829 123 1888 tur.
169 1821 283 1886 Verba
306 1820 407 1886 enim:
442 1818 593 1885 Πλάτων
627 1819 663 1903 ἐξ
695 1819 785 1885 ἑπτὰ
819 1819 983 1903 ἀριθμῶν
1011 1822 1195 1904 συνέστησε

56 1926 124 2010 τὴν
147 1925 265 2008 ψυχὴν
287 1924 325 1988 ἐν
351 1923 483 2007 Τιμαίῳ
507 1922 573 2006 (36,
586 1922 650 2007 23),
686 1942 772 2005 quae
796 1923 923 1989 frustra
946 1925 1084 2004 quaeris
1107 1925 1192 2005 apud

56 2029 242 2108 Philonem,
265 2047 330 2093 non
354 2028 461 2094 solum
484 2028 518 2092 in
542 2028 688 2093 omnium
711 2027 792 2107 fere,
817 2027 872 2107 qui
901 2026 1019 2096 iisdem
1036 2027 1076 2092 de
1093 2028 1194 2093 rebus

55 2133 275 2213 scripserunt,
310 2131 403 2196 libris
425 2131 655 2212 inveniuntur,
689 2130 747 2196 sed
771 2130 922 2211 plerique
947 2131 1105 2196 continua
1129 2131 1193 2197 dis-

54 2237 232 2318 putatione
256 2255 295 2300 eo
318 2236 391 2300 loco
415 2234 455 2299 de
479 2236 542 2318 hoc
564 2234 739 2300 Platonico
762 2233 887 2315 placito
911 2233 1090 2300 disserunt.

145 2338 227 2405 Cum
251 2339 354 2423 igitur
377 2344 532 2404 constare
556 2338 721 2417 videatur,
745 2357 786 2402 ex
809 2356 874 2402 uno
899 2335 1082 2417 eodemque
1103 2337 1194 2404 fonte

55 2443 213 2510 hausisse
236 2443 322 2524 illos,
355 2443 422 2507 iam
448 2442 631 2523 quaeritur,
663 2441 737 2522 quis
761 2440 862 2506 fuerit
884 2440 941 2505 ille
965 2446 1085 2506 auctor
1107 2460 1193 2507 com-

57 2547 178 2613 munis,
225 2546 405 2612 Anatolius
442 2551 512 2611 tam
550 2534 699 2611 breviter
735 2563 789 2610 res
825 2543 1023 2628 perstringit
1063 2544 1193 2610 nominc

55 2650 194 2730 omisso,
231 2654 266 2715 ut
299 2668 339 2714 ex
375 2669 413 2715 eo
449 2647 629 2730 quidquam
662 2649 743 2714 certi
768 2647 842 2712 elici
866 2665 933 2712 non
955 2647 1073 2729 possit,
1096 2645 1193 2712 Philo

57 2759 182 2834 autem,
216 2772 419 2834 quamquam
443 2752 547 2820 fusius
571 2752 715 2832 disserit,
743 2755 918 2816 auctorum
940 2750 1085 2832 nomina,
1109 2769 1194 2832 quos

57 2857 220 2938 sequitur,
255 2875 386 2937 semper
420 2856 490 2921 lere
517 2855 644 2921 reticet.
690 2856 811 2935 Itaque
835 2854 877 2919 de
900 2858 993 2919 recta
1016 2853 1083 2934 via,
1107 2872 1193 2934 quae

57 2961 162 3026 ducat
185 2978 245 3024 nos
269 2959 310 3025 ad
336 2959 471 3037 fontem,
500 2978 540 3023 ex
564 2962 679 3023 neutro
704 2956 885 3038 quidquam
901 2957 1055 3040 cognosci
1072 2960 1193 3037 potest,

56 3069 95 3129 ut
134 3069 246 3128 autem
282 3081 344 3143 per
377 3063 547 3146 ambages,
582 3079 666 3142 quas
700 3060 825 3141 dicunt,
864 3059 990 3140 aliquid
1028 3059 1192 3144 indagare

58 3185 226 3245 conemur,
262 3165 356 3247 prius
394 3165 434 3230 de
473 3165 558 3246 aliis,
597 3165 653 3246 qui
691 3164 824 3230 easdem
860 3183 914 3229 res
951 3166 1193 3243 tractaverunt,

58 3269 253 3336 dissertatio
276 3269 473 3335 inst'tuatur
495 3285 632 3334 necesse
656 3270 719 3333 est.

262 3455 342 3536 111.
376 3455 447 3536 De
475 3453 674 3535 Theone
702 3452 990 3558 Smyrnaeo·

145 3648 258 3728 Libro,
283 3649 339 3729 qui
355 3648 546 3714 inscribitur
561 3647 736 3729 Expositio
753 3666 864 3712 rerum
881 3646 1192 3711 mathematicorum

59 3752 103 3818 ad
127 3752 304 3835 legendum
327 3753 503 3817 Platonem
539 3752 679 3831 utilium,
714 3751 854 3816 inseruit
877 3751 970 3815 Theo
1000 3750 1192 3815 continuam

148 3922 169 3991 ¹)
188 3921 291 3988 Spurii
310 3926 381 3975 sunt
399 3901 491 3989 (Diels
510 3923 654 3975 Vorsokr.
673 3937 721 3988 pg.
741 3921 848 3990 232,7);
877 3920 930 3974 sed
950 3921 1093 3986 conteras,
1116 3936 1193 3987 quae

60 4010 126 4062 dixi
144 4025 237 4075 supra
257 4009 293 4061 de
312 4010 479 4061 Heracliteo
498 4010 674 4076 fragmento.
