2916 5004
517 398 729 459 ..33-

54 581 190 666 linguae
218 580 353 648 Gracao
377 582 516 666 ignaris,
550 581 662 647 iacere
695 582 804 663 potuit
838 583 949 649 nullus
982 582 1112 661 timens,
1148 601 1189 648 ne

56 684 179 749 furtum
214 684 520 767 deprehenderetur
543 722 584 728 —
607 705 772 767 ponamus
807 703 945 751 necesse
980 690 1033 752 est
1067 692 1127 751 aut
1149 704 1190 750 ex

56 788 122 854 alio
157 788 301 868 quodam
335 789 369 854 in
403 789 544 859 eundem
568 790 720 855 Platonis
755 789 922 873 dialogum
950 789 1190 855 commentario

10 918 13 929 ·
56 891 234 958 addidisse.
274 881 485 975 Quamquam
509 893 596 957 enim
619 893 761 977 singulis
784 892 1012 958 commentarii
1035 892 1189 974 partibus

10 992 14 1035 '-
53 995 210 1077 propriae
244 1002 497 1076 praeponuntur
531 997 776 1078 inscriptiones,
810 1002 921 1062 tamen
955 1015 991 1061 re
1019 1016 1102 1062 vera
1125 1016 1190 1062 nou

55 1103 133 1164 sunt
156 1099 219 1163 hae
243 1105 357 1179 partes
385 1099 500 1172 linitae
528 1105 588 1164 aut
611 1101 873 1180 uniuscuiusque
897 1099 1069 1166 doctrinae
1093 1100 1189 1181 quasi

10 1210 17 1245 r
54 1193 164 1281 orbes,
199 1202 256 1267 sed
292 1222 405 1268 omnes
440 1210 620 1268 versantur
653 1203 687 1267 in
722 1202 861 1287 singulis
885 1203 1042 1285 deinceps
1066 1202 1190 1287 dialogi

10 1302 16 1347 s
53 1306 137 1372 locis
172 1305 388 1386 explicandis.
434 1305 469 1378 Si
503 1306 607 1389 igitur
640 1311 773 1387 sumpta
806 1312 920 1373 essent
954 1307 1023 1372 alia
1050 1306 1190 1387 exalia,

53 1409 248 1475 necessario
272 1408 425 1474 diversas
447 1410 501 1475 vel
525 1410 712 1475 contrarias
738 1411 827 1474 inter
854 1428 890 1475 sc
913 1411 1099 1493 legeremus
1123 1410 1189 1476 dis·

53 1513 206 1594 ciplinas.
252 1513 325 1578 Iam
359 1533 441 1578 vero
475 1512 708 1579 demonstrabo
742 1514 776 1577 in
799 1519 872 1578 tcta
894 1514 958 1578 hac
981 1512 1190 1579 Chalcidiani

51 1615 166 1695 operis
189 1620 287 1696 parte
310 1616 409 1682 unius
433 1616 646 1698 eiusdemque
669 1617 837 1697 pelluccrc
861 1621 974 1680 sectae
996 1614 1190 1696 doctrinam,

52 1725 266 1802 argumenta,
301 1719 494 1799 disputandi
528 1721 688 1798 rationes,
726 1720 853 1785 scilicet
890 1710 1024 1785 scholae
1058 1719 1191 1784 Aristo·

51 1822 177 1888 telicae
189 1823 222 1903 ¹).
257 1824 378 1903 ltaque
402 1822 444 1889 ad
465 1842 568 1889 unum
585 1827 762 1889 auctorem
774 1839 912 1904 eumque
928 1823 1192 1904 Peripateticum

53 1926 168 1992 omnia
202 1944 277 1992 csse
311 1926 503 1992 revocanda
526 1963 567 1972 -
590 1927 708 2007 paucis
732 1927 881 2008 exceptis
904 1963 956 2006 -‚
980 1945 1067 2007 quae
1091 1927 1192 1992 habet

53 2029 250 2096 Chalcidius
273 2049 327 2114 pg.
354 2035 425 2110 162,
440 2035 478 2095 12
495 2049 578 2112 sqq„
602 2035 756 2096 constare
780 2030 921 2096 videtur.

142 2133 241 2198 Nunc
274 2133 343 2199 iam
377 2152 501 2213 eorum,
537 2153 623 2214 quae
657 2134 764 2200 habeo
799 2133 843 2199 ad
869 2133 1079 2213 firmandum,
1103 2134 1191 2214 quod

53 2236 212 2302 contendi
230 2273 272 2282 —
290 2237 545 2303 Aristotelicam
566 2237 709 2318 proferri
733 2237 915 2303 doctrinam
932 2273 975 2282 -
991 2237 1192 2320 gravissima

54 2357 211 2420 quaeque
235 2359 408 2420 exponam.

144 2437 293 2508 Primum
326 2444 486 2511 universa
519 2445 604 2510 haec
635 2463 716 2526 pars
750 2442 875 2509 referta
912 2449 964 2509 est
1001 2444 1192 2509 notionibus

56 2545 284 2612 Aristotelicis
308 2544 428 2630 (genus
450 2583 493 2590 -
516 2547 656 2627 speeies
679 2546 902 2627 possibilitate
919 2584 961 2591 —
983 2545 1116 2624 ellectu,
1145 2546 1192 2610 di-

18 2634 23 2641 ’
56 2667 193 2715 versum
217 2684 259 2691 —
283 2649 487 2714 contrarium
512 2648 598 2730 etc),
621 2656 691 2714 tum

145 2753 206 2835 Pg.
233 2756 401 2817 164-165
424 2752 521 2818 docet
544 2752 736 2819 Chalcidius
766 2753 924 2819 mundum
948 2771 1024 2818 esse
1048 2753 1192 2831 „animal

56 2854 258 2939 intellegens
282 2855 421 2936 eiusque
444 2860 560 2936 partes
583 2855 741 2922 deuteras
764 2876 839 2923 csse
863 2876 931 2936 eas,
954 2857 988 2920 in
1006 2856 1126 2937 quibus
1143 2864 1192 2921 est

57 2959 189 3025 initium
213 2959 344 3025 motus‘
367 2959 400 3024 id
425 2960 533 3048 estin
556 2960 635 3040 cois,
659 2979 758 3040 quem
781 2958 1020 3026 sententiarum
1044 2961 1193 3025 ordinem

10 3123 12 3126 ,
61 3061 255 3129 Aristotelis
278 3082 353 3128 esse·
377 3069 492 3130 notum
517 3063 612 3144 cst-¹).

10 3227 12 3234 .
146 3167 329 3250 Pg.1er,c
354 3167 501 3232 delinitio
525 3167 721 3232 daemonum
745 3167 836 3232 iusta
859 3167 1035 3247 disciplina
1049 3167 1195 3231 forurata

10 3276 13 3327 ί
59 3268 188 3335 indicat
212 3270 405 3336 Aristotelis
429 3277 639 3336 sectatorem.
686 3269 809 3336 Confer
833 3270 933 3335 etiam
955 3289 1032 3355 pgg.
1057 3276 1130 3349 211,
1146 3276 1193 3334 19.

10 3401 16 3446 3·
60 3378 435 3452 214‚25.237‚130tc.

11 3484 18 3548 l
149 3478 208 3559 Pg.
233 3481 510 3558 203‚9-229‚2
543 3475 628 3559 (opp.
656 3474 859 3560 143-180)
887 3476 1090 3543 concordare
1122 3496 1195 3541 cum

10 3587 20 3652 l
61 3578 406 3645 Pseudo-Plutarchoi
428 3581 504 3645 libri
528 3580 568 3645 de
584 3579 654 3644 fato
671 3581 837 3661 capitibus
855 3587 937 3646 1-9
954 3581 1197 3646 demonstravit

10 3693 20 3755 l
62 3681 237 3749 Gcrckeus
247 3683 270 3764 ³)
305 3690 404 3764 atque
439 3683 582 3749 coniecit
607 3683 707 3748 tertio
731 3690 924 3765 comparato
948 3685 1104 3751 Nemesin
1127 3690 1196 3749 tres

62 3787 125 3852 hos
160 3785 339 3866 scriptores
374 3805 415 3851 ex
449 3806 515 3851 uno
550 3791 687 3852 auctore
723 3805 827 3867 eoque
859 3787 997 3852 alterius
1021 3807 1051 3868 p.
1070 3785 1146 3852 Obr.
1165 3807 1195 3852 n.

152 3974 170 4041 ¹)
191 3973 344 4037 Quomodo
372 3974 411 4026 sit
440 3973 662 4040 explicandum,
693 3974 773 4041 quod
804 3977 1022 4040 nunnunquam
1051 3973 1198 4026 inclinare

61 4060 186 4113 videtur
205 4063 307 4112 auctor
326 4061 362 4112 ad
384 4041 551 4114 Stoicorum
571 4060 716 4126 dogmata,
734 4060 862 4112 inferius
881 4059 1060 4112 videbimus.

150 4145 173 4213 2)
192 4146 288 4198 Zeller
318 4145 460 4209 11,2‚457.
508 4146 638 4207 Bccckh,
669 4147 728 4197 Das
759 4147 853 4197 kosm.
884 4145 1001 4211 Syslom
1034 4145 1086 4197 des
1116 4145 1198 4196 Plato

60 4247 113 4299 pg.
134 4232 279 4295 114-116‚
297 4230 353 4283 ubi
371 4230 558 4287 (lhalcidiani
574 4231 634 4283 loci
652 4230 762 4282 mentio
781 4231 828 4282 flt:

150 4315 172 4381 3)
190 4317 267 4367 Mus.
286 4315 379 4368 Biton.
397 4317 440 4379 41,
458 4331 507 4381 pg.
526 4315 577 4367 ‘270
588 4332 653 4382 sqq.
