2924 5002
632 341 828 401 -6-

360 524 504 576 Philonis,
956 523 1097 576 Anatolii.
1114 567 1120 578 .

161 627 205 680 δεῖ
219 628 266 678 τοῦ
283 626 393 693 βάθους,
413 623 428 679 6
445 624 594 695 προστεθὲν
617 624 705 694 τριάδι

161 714 262 782 γίνεται
273 712 375 781 τετράς·
388 710 456 766 ὅθεν
468 711 514 764 καὶ
525 708 599 780 μέγα
611 713 703 781 χρῆμα

160 795 327 868 συμβέβηκεν
336 797 406 851 εἰναι
416 799 460 852 τδν
473 796 594 868 ἀριθμόν
604 798 702 860 τοῦτον,

160 881 187 940 δς
200 878 230 938 ἐκ
242 885 285 948 τῆς
298 879 441 955 ἀσωμάτου
454 884 500 937 καὶ
510 888 602 950 νοητῆς
612 880 704 939 οὐσίας

160 971 262 1040 ἤγαγεν
279 969 318 1026 εἰς
334 970 443 1024 ἔννοιαν
461 969 531 1040 ἡμᾶς
548 973 626 1042 τριχῆ
645 970 704 1023 δια-

159 1060 253 1111 στατοῦ
280 1058 401 1128 σώματος
426 1060 458 1128 τῇ
486 1057 568 1127 φύσει
597 1058 704 1126 πρῶτον

161 1143 298 1208 αἰσθητοῦ.
318 1141 332 1195 6
352 1141 382 1196 δὲ
399 1163 435 1214 μη
451 1143 540 1200 συνεὶς
551 1144 579 1197 τὸ
592 1141 704 1213 λεγόμε-

160 1250 208 1282 νον
233 1229 263 1284 ἔκ
289 1249 357 1285 τινος
383 1231 493 1286 παιδιάς
516 1233 614 1284 εἴσεται
632 1227 704 1281 πάνυ

160 1317 304 1380 συνήθους·
324 1317 350 1367 οἱ
367 1318 569 1386 καρυατὶζοντες
589 1314 705 1369 εἰώθασι
757 1318 829 1368 τοῦτο
849 1316 888 1383 6¹)
907 1317 959 1367 τοῖν
979 1312 1200 1382 καρυατιζόντων
1214 1314 1297 1369 παιδιά

160 1403 221 1471 τρία
239 1402 269 1455 ὲν
287 1398 407 1473 ἐπιπέδῳ
426 1402 514 1472 κάρυα
536 1399 705 1472 προτιθέντες
757 1405 870 1455 ποιοῦσα
888 1403 982 1470 σχῆμα
1001 1399 1164 1469 πυραμίδος.

160 1485 305 1558 ἐπιφέρειν
335 1485 374 1553 ἕν,
407 1491 499 1558 σχῆμα
526 1486 706 1560 πυραμοειδὲς

161 1569 370 1644 άπογεννῶντες.

415 1696 581 1782 (Conferri
603 1704 745 1790 possunt
768 1699 866 1764 etiam
891 1695 1043 1782 reliqua.)

248 1853 358 1935 Quam
382 1859 454 1919 arte
478 1855 681 1939 cohaereant
705 1856 896 1935 scriptores,
919 1854 986 1918 iarn
1010 1873 1051 1918 ox
1074 1854 1126 1919 his
1146 1854 1298 1921 frustulis

162 1957 318 2037 cognosci
351 1962 472 2040 potest,
507 1977 593 2038 qnae
628 1977 738 2038 pauca
773 1978 815 2023 ex
848 1958 960 2023 multis
996 1977 1070 2023 osso
1104 1957 1181 2038 ipse
1207 1959 1297 2025 Prin

163 2057 286 2143 dici62).
343 2063 452 2126 Multo
491 2067 601 2126 autern
640 2063 737 2143 plura
775 2062 964 2127 invenimus
1002 2063 1042 2127 (1ο
1080 2061 1297 2139 hebdomade,

162 2163 283 2244 quibus
304 2165 578 2245 luculentissime,
603 2165 691 2246 quod
708 2165 785 2244 dixi
809 2166 1007 2231 illustrator.
1043 2165 1121 2247 Qua
1137 2165 1181 2231 de
1200 2185 1297 2232 cause

161 2267 246 2333 h‘aec
269 2269 498 2350 sequantur).

248 2422 324 2474 Phil.
344 2438 390 2489 op.
410 2438 448 2476 m.
466 2438 515 2490 pg.
535 2423 611 2487 33‚9.
904 2424 991 2473 Anat.
1010 2437 1059 2488 pg.
1078 2423 1156 2487 365,

196 2523 280 2592 διχῶς
297 2522 415 2596 ἕβδομάς
432 2523 543 2594 λέγεται,
563 2524 577 2588 ἦ
595 2523 648 2594 μὲν
661 2522 704 2577 ὲν-

161 2607 202 2664 τδς
231 2609 349 2678 δεκάδος,
386 2610 438 2678 ἥτις
469 2611 577 2668 ἑπτάκις
605 2610 706 2680 μονάδι

159 2696 229 2765 μόνῃ
256 2706 389 2767 μετρεῖται
415 2701 569 2752 συνεστῶσα
597 2696 627 2753 ἐκ
654 2717 705 2768 μο-

161 2783 253 2835 νάδων
288 2782 362 2851 ἑπτά,
400 2784 414 2849 ἡ
451 2784 550 2842 δ’ὲκτδς
586 2785 704 2849 δεκάδος,

162 2867 281 2938 ἀριθμός
309 2864 340 2923 οδ
371 2870 476 2926 πάντως
512 2867 583 2941 ἀρχῆ
620 2871 706 2942 μονάς

161 2953 228 3007 κατά
245 2955 304 3012 τούς
325 2957 478 3014 διπλασίους
504 2958 519 3022 ἢ
537 2959 706 3027 τριπλασίους

162 3039 177 3105 ἢ
195 3042 312 3100 συνόλως
339 3039 535 3113 άναλογοῦντας
562 3043 705 3113 ἀριθμούς,

163 3125 197 3183 οἷς
223 3128 281 3200 ἔχει
308 3129 322 3182 6
348 3127 589 3199 ἓξοκοντατὲσσαρα
615 3129 661 3182 καὶ
692 3131 706 3183 6

161 3212 305 3268 ἑπτακόσια
323 3213 495 3281 εἰκοσιεννὲα,
525 3216 539 3268 6
564 3213 618 3285 μὲν
639 3217 704 3269 κατά

158 3300 206 3351 ’τδν
219 3295 273 3353 δπδ
283 3302 401 3371 μονάδος
415 3301 554 3355 διπλάσιον
568 3305 704 3370 παραυξη-

162 3389 228 3452 esis,
257 3386 270 3440 6
298 3380 359 3442 δἀὖ
385 3388 452 3439 κατά
478 3388 524 3447 τδν
541 3385 704 3456 τριπλάσιον.

162 3472 288 3542 ἑκάτερον
312 3471 408 3530 δἐἷδος
427 3473 456 3526 οὐ
482 3471 627 3543 παρέργως
644 3468 703 3527 ἔπι-

162 3556 290 3612 σκετττὲον
308 3603 313 3614 .

197 3641 291 3698 αὐτίκα
318 3646 331 3698 6
354 3643 408 3700 άπδ
425 3646 543 3717 μονάδος
561 3645 592 3700 ἓν
610 3645 704 3698 διπλα-
792 3645 846 3700 άπδ
871 3648 989 3719 μονάδος
1007 3651 1029 3712 ζ’
1054 3647 1169 3719 ἀριθμοὶ
1189 3643 1222 3703 ἒν
1241 3653 1299 3706 διπ-

162 3731 231 3784 σίονι
248 3733 318 3804 λόγῳ
337 3732 520 3801 παραυξηδεὶς
541 3731 660 3801 ἕβδομος,
689 3732 703 3784 ὁ
756 3734 858 3787 λασίονι
872 3735 942 3804 λόγῳ
954 3732 1180 3804 προσαυξρδὲντες
1194 3742 1300 3792 ποιοῦσι

157 3815 277 3887 ’τέσσαρα
306 3817 352 3870 καὶ
379 3816 511 3883 ἑξήκοντα,
541 3819 704 3887 τετράγωνος
756 3821 801 3871 τδν
827 3822 933 3889 πρῶτον
959 3820 1125 3890 τετράγωνον
1152 3821 1224 3892 ὁμοῦ
1255 3823 1300 3878 καὶ

161 3901 215 3974 μὲν
232 3904 302 3958 ἑστιν
320 3900 421 3960 ὀκτάκις
439 3900 505 3956 ὀκτιδ
522 3906 703 3958 πολυπλασια-
755 3906 837 3974 κύβον
855 3905 900 3957 τὸν
911 3907 960 3968 ξδ’·
981 3907 1009 3958 α’
1021 3907 1049 3976 β’
1063 3908 1089 3960 δ’
1103 3908 1129 3972 η’
1143 3909 1182 3967 ις’
1195 3911 1238 3980 Ἆρ’
1251 3912 1298 3975 ξδ.

250 4096 267 4160 ¹)
287 4095 331 4147 Ita
349 4096 523 4171 scripserim
541 4111 596 4161 pro
614 4097 712 4148 τοῦτον.

247 4180 268 4248 2)
286 4197 334 4248 pg.
356 4182 447 4244 16,18.
468 4182 580 4236 Πολλαῖς
598 4179 628 4234 δὲ
645 4180 691 4236 καὶ
711 4181 800 4237 ἄλλαις
818 4179 945 4251 κέχρηται
964 4184 1095 4255 δυνάμεσι
1113 4185 1267 4265 τετράς...

247 4268 268 4335 ³)
287 4268 396 4321 Confer
414 4267 510 4333 etiam,
530 4284 604 4335 quae
624 4265 661 4321 de
680 4270 797 4323 senario
817 4270 966 4324 habentur
985 4289 1033 4340 pg.
1053 4273 1077 4338 3,
1089 4273 1131 4326 22.
1150 4342 1154 4348 .
