2916 5004
505 360 717 424 4-5-

231 586 236 594 .
252 541 397 595 Philonia

54 642 134 698 νάδος
153 642 219 711 άχρι
239 642 360 710 τετράδος
372 643 430 708 ἑξῆς
442 649 597 697 σοντεδεῖεν

55 728 179 798 ἀριθμοί,
208 727 310 781 δεκάδα
330 730 529 799 γεννὴσουσινί)
549 771 595 783 ...

55 813 179 885 Περιέχει
198 813 239 878 δὴ
256 816 346 885 τετράς
364 815 410 867 καὶ
428 817 485 872 τούς
503 819 596 886 λόγους

55 904 107 953 τιῦν
125 901 191 952 κατά
208 901 338 971 μουσικὴν
355 907 532 971 συμφωνιῶν,
552 909 596 969 τῆς

52 1005 80 1038 τε
99 986 143 1039 διά
160 986 291 1056 τεττάρων
316 987 364 1040 καί
391 988 435 1041 διά
455 986 533 1042 πέντε
551 991 596 1044 καὶ

54 1071 99 1124 δαί
118 1075 214 1123 πασῶν
231 1071 278 1125 καὶ
297 1071 404 1142 προσέτι
422 1059 463 1130 δίς
481 1077 525 1129 διά
544 1096 597 1129 πα-

52 1161 118 1223 σιύν,
145 1157 174 1220 ἐξ
198 1151 238 1210 τόν
254 1157 375 1228 σύστημα
393 1161 421 1212 τό
439 1163 598 1215 τελειότατον

53 1241 245 1312 άπογεννάται·
273 1247 316 1309 τῆς
337 1245 391 1315 μέν
407 1247 462 1316 γάρ
481 1248 525 1300 διά
543 1265 598 1301 τετ-

52 1330 170 1398 τάρωνό
189 1333 265 1402 λόγος
283 1327 418 1402 ἐπίτριτος,
437 1334 481 1397 της
502 1333 533 1388 δὲ
552 1334 597 1387 διά

53 1414 132 1469 πέντε
158 1417 280 1487 ἡμιόλιος,
317 1420 454 1476 διπλάσιος
489 1419 520 1499 δὲ
553 1423 597 1484 τῆς

54 1502 100 1554 διά
118 1507 222 1571 πασῶν,
241 1506 428 1576 τετραπλάσιος
449 1505 479 1562 δέ
495 1509 539 1572 τῆς
557 1506 598 1564 δὶς

54 1588 99 1640 διά
126 1593 230 1658 πασῶν,
258 1589 304 1648 οῦς
331 1590 451 1650 άπαντας
474 1593 597 1665 ἡτετράς

53 1673 113 1744 ἔχει
131 1678 319 1747 περιλαβοῦσα,
331 1679 378 1733 τδν
396 1679 449 1750 μὲν
466 1681 598 1752 ἐπίτριτον

51 1761 84 1814 ὲν
100 1763 137 1832 τῷ
158 1759 275 1831 τέσσαρα
293 1765 359 1836 πρῦς
377 1767 445 1836 τρία,
468 1767 513 1819 τόν
540 1767 597 1832 δ’ἡ-

51 1847 158 1916 μιόλιον
183 1846 215 1903 έν
240 1853 276 1922 τῷ
301 1853 362 1922 τρία
389 1851 455 1921 πρῦς
476 1853 533 1917 δύο,
552 1856 597 1907 τδν

53 1931 85 1985 δέ
103 1933 245 1987 διπλάσιον
271 1932 302 1991 έν
325 1940 361 2010 τῷ
379 1940 428 1992 δύο
447 1939 514 2007 πρδς
532 1939 564 1994 ἓν
582 1941 598 2005 ἡ

52 2015 168 2087 τέσσαρα
195 2020 262 2091 πρὸς
289 2023 345 2090 δύο,
375 2026 421 2077 τόν
450 2024 481 2078 δέ
507 2044 597 2095 τετρα-

51 2103 165 2157 πλάσων
181 2103 213 2160 έν
231 2109 267 2180 τῷ
282 2107 400 2181 τέσσαρα
419 2131 485 2181 προς
502 2110 534 2166 ἕν
548 2154 554 2165 .
570 2156 575 2167 .
590 2156 596 2168 .
612 2143 614 2146 >

51 2276 142 2344 πρώτη
169 2280 223 2350 γάρ
251 2279 314 2345 αύτη
342 2283 388 2346 τὴν
414 2287 460 2336 τοῦ
489 2287 597 2354 στερεοῦ

51 2363 136 2430 φύσιν
153 2364 244 2431 ἔδειξε,
271 2371 325 2420 τῶν
347 2370 399 2438 πρό
419 2369 497 2438 αῦτὴς
515 2371 597 2442 άριθ-

51 2453 116 2517 μων
141 2459 193 2507 τοῖς
220 2453 369 2523 ἀσωμάτοις
396 2452 596 2528 άνακειμένων.

52 2537 119 2587 κατά
136 2537 190 2596 μέν
207 2540 261 2609 γάρ
279 2541 307 2592 τδ
326 2540 357 2595 ἓν
374 2543 489 2596 τάττεται
507 2544 534 2596 τῦ
555 2545 596 2596 λε-

52 2622 171 2690 γόμενον
183 2623 213 2677 έν
224 2630 376 2698 γεωμετρίᾳ
388 2636 506 2697 σημεῖον,
530 2629 596 2681 κατά

53 2705 84 2758 δὲ
102 2707 132 2758 τά
152 2708 200 2762 δύο
220 2714 344 2782 γραμμὴ·
373 2715 485 2783 γραμμὴ
514 2711 596 2767 δ’ἐστὶ

51 2797 135 2864 μὴκος
162 2791 287 2854 α’πλατές·
317 2801 430 2856 πλάτους
457 2797 487 2853 δὲ
514 2817 598 2869 προσ-

51 2879 199 2951 γενομένου
218 2885 321 2952 γίνεται
338 2880 495 2955 ἐπιφάνεια,
522 2884 538 2950 ἡ
555 2882 597 2939 τέ-

53 2986 141 3020 τακται
161 2970 227 3022 κατά
254 2971 362 3039 τριάδα·
390 2972 540 3042 ἐπιφανείᾳ
568 2970 598 3025 δὲ

52 3054 119 3122 πρὸς
143 3053 190 3119 τὴν
215 3059 261 3108 τοῦ
287 3061 396 3127 στερεοῦ
423 3058 508 3127 φύσιν
537 3056 597 3114 ένῦς

848 544 988 597 Anatolii.

649 645 729 702 νάδος
763 644 849 715 μέχρι
883 647 1005 714 τετράδος
1040 650 1086 701 τόν
1123 646 1190 700 δέκα

650 736 754 785 ποιοῦσι
767 731 934 799 καλούμενον
945 730 1043 785 τέλειον
1056 732 1189 803 άριῦμόν.

684 819 724 872 14.
753 817 828 869 δοκεῖ
852 815 883 870 δὲ
908 815 1003 874 τέλειος
1022 819 1141 889 άρμονία
1158 815 1191 873 έν

648 903 716 973 τρισί
733 904 905 972 συμφωνίαις
924 904 1082 973 ῦφεστάναι,
1100 908 1132 974 τῇ
1146 905 1190 957 διά

648 990 683 1054 δ’,
711 987 763 1054 ἡπς
792 985 824 1045 ἑν
852 990 976 1062 ἐπιτρίτῳ
1000 998 1084 1044 κεῖται
1110 991 1189 1060 λόγῳ,

647 1079 677 1146 τῇ
695 1077 741 1130 διά
759 1077 782 1130 ε’
800 1077 832 1131 έν
850 1076 968 1149 ἡμιολίῳ,
988 1081 1020 1148 τῇ
1036 1077 1081 1130 διά
1095 1078 1191 1129 παστῦν

645 1155 678 1215 έν
696 1160 882 1231 διπλασίονιῖ).
902 1204 947 1217 ...

650 1675 733 1746 ὃμὲν
752 1677 777 1729 δ’
796 1681 841 1730 τοῦ
857 1678 885 1747 β’
904 1677 949 1730 καὶ
969 1679 982 1731 ό
999 1678 1025 1748 β’
1044 1681 1090 1731 τοῦ
1106 1678 1132 1728 α’
1152 1678 1191 1729 δι-

649 1762 765 1827 πλάσιος,
794 1758 825 1816 ἓν
851 1755 874 1836 ᾧ
895 1769 979 1816 κεῖται
997 1763 1011 1827 ἡ
1030 1764 1075 1817 διά
1094 1766 1190 1817 πασιῦν

648 1849 806 1918 συμφωνία,
834 1847 848 1901 ό
873 1847 903 1902 δὲ
920 1850 949 1917 γ’
966 1853 1012 1902 τοῦ
1029 1851 1056 1918 β’
1075 1849 1191 1920 ἡμιόλιος

648 1932 785 2004 περιέχων
812 1930 893 1988 αύτόν
919 1933 965 1986 καὶ
992 1935 1020 1986 τῦ
1037 1933 1118 2005 ἡμισυ
1144 1936 1192 2000 τὴν

649 2020 692 2074 διά
720 2018 799 2074 πέντε
825 2021 992 2090 σνμφωνίαν
1008 2020 1192 2090 ύποβάλλει,ῦ

650 2105 680 2160 δὲ
698 2106 725 2159 δ’
750 2108 796 2159 τοῦ
814 2105 843 2175 γ’
861 2105 997 2175 ἐπίτριτος,
1019 2105 1051 2160 έν
1069 2101 1092 2180 ᾦ
1111 2107 1124 2171 ἡ
1148 2107 1191 2160 διά

650 2193 675 2245 δ’
694 2193 852 2262 συμφωνία.

683 2281 706 2333 3.
748 2281 851 2347 πρῶτος
886 2278 968 2341 ἔδειξε
1003 2279 1050 2342 τὴν
1085 2281 1192 2348 στερεοῦ

649 2365 745 2434 φύσιν·

649 2458 761 2520 σημεῖον
778 2450 842 2520 γάρ,

648 2619 704 2674 εἶτα
723 2623 844 2692 γραμμὴ,

648 2790 705 2847 εἶτα
722 2792 880 2864 ἐπιφάνεια,

649 2968 706 3024 εἶτα
724 2970 840 3040 στερεόν,
860 2970 874 3024 ὅ
893 2971 948 3025 ἑστι
965 2973 1076 3042 στῦμαθλ.

141 3193 158 3260 ¹)
179 3194 325 3249 Ordinem
352 3172 472 3265 sequor¹
490 3213 602 3263 rerum,
630 3197 684 3264 qui
711 3200 808 3249 exstat
825 3196 907 3263 apud
925 3196 1094 3260 Philonem3
1119 3212 1190 3261 quo-

54 3280 143 3331 modo
162 3293 213 3332 res
232 3282 314 3348 apud
326 3284 502 3337 Anatolium
522 3299 554 3337 se
573 3282 733 3350 excipiant,
752 3282 888 3335 numeris
900 3281 1050 3335 adiunctis
1063 3285 1191 3335 notatur.

138 3365 158 3432 2)
178 3369 230 3420 cfr.
248 3369 335 3422 Alex.
353 3371 386 3423 in
405 3370 533 3437 Metaph.
551 3386 601 3437 pg.
618 3371 704 3435 39,19
731 3369 893 3436 Hayduck:
923 3367 990 3420 ἀλλά
1014 3365 1060 3419 καὶ
1078 3369 1123 3423 τάς
1142 3367 1192 3437 ἅρ-

51 3452 147 3519 μονίας
173 3453 229 3505 κατ’
257 3451 379 3523 ἀριθμόν
404 3473 462 3507 τινα
481 3453 594 3525 δρῶντες
617 3452 796 3524 συγκειμένας
813 3453 859 3507 καὶ
877 3453 976 3506 τούτων
994 3449 1082 3522 άρχάς
1100 3453 1194 3522 ἔλεγον

50 3536 109 3593 τοῦς
137 3535 279 3609 ἀριθμούς·
307 3540 321 3605 ἡ
347 3540 400 3611 μὲν
426 3542 481 3612 γάρ
510 3542 553 3595 διά
577 3543 674 3595 πασιύν
692 3534 724 3594 ἐν
743 3541 874 3611 διπλασίῳ
892 3534 948 3594 ε’στί
967 3539 1045 3611 λόγῳ,
1065 3539 1080 3603 ἡ
1099 3536 1130 3593 δέ
1148 3539 1193 3592 διά

51 3622 130 3678 πέντε
147 3620 178 3679 έν
195 3625 314 3700 ἡμιολίῳ,
333 3628 349 3692 ἡ
368 3628 399 3683 δὲ
417 3629 461 3682 διά
479 3628 617 3699 τεσσάρων
634 3626 666 3680 ὲν
683 3625 814 3698 ἐπιτρίτῳ.

136 3712 157 3779 3)
177 3714 228 3767 cfr.
248 3715 324 3768 Plut.
343 3716 380 3768 de
399 3732 415 3769 θ
433 3715 538 3783 Delph.
557 3716 609 3770 390
628 3714 667 3767 0.·
687 3715 713 3766 οἱ
738 3712 793 3784 γάρ
816 3712 866 3776 τὴν
883 3711 997 3781 τετράδα
1015 3711 1194 3784 σεμνύναντες

52 3796 81 3849 ού
104 3798 216 3866 φαύλως
243 3799 423 3867 διδάσκουσιν,
452 3800 491 3854 ότι
516 3803 553 3872 τῳ
574 3801 667 3865 ταύτης
685 3800 755 3871 λόγῳ
774 3801 831 3851 πάν
848 3800 929 3867 στῦμα
947 3795 1053 3866 γένεσιν
1071 3796 1192 3867 ἔσχηκεν.

52 3882 111 3936 ἐπεὶ
139 3886 193 3954 γάρ
220 3886 250 3939 ὲν
276 3887 357 3956 μήκει
383 3887 430 3939 καὶ
456 3888 548 3941 πλάτει
573 3888 660 3956 βάθος
686 3887 792 3955 λαβόντι
819 3888 876 3937 πάν
893 3883 921 3937 τῦ
939 3885 1048 3954 στερεόν
1065 3883 1127 3949 ἐστι,
1145 3884 1191 3936 καὶ

51 3970 150 4039 μὴκους
167 3969 220 4040 μέν
237 3976 436 4042 προϋφίσταται
450 3975 546 4044 στιγμὴ
564 3976 630 4027 κατά
642 3972 754 4044 μονάδα
768 3968 918 4041 ταττομένη,
937 3971 1021 4040 μὴκος
1034 3969 1065 4024 δέ
1077 3970 1191 4027 ἄπλατος

50 4054 66 4124 ἡ
92 4056 206 4126 γραμμη·
230 4059 354 4124 καλεῖται,
382 4060 449 4112 κατά
477 4059 565 4113 δυάδα
591 4059 671 4125 ἐστίν,
697 4058 754 4123 ἡδ’
764 4052 810 4112 ἐπὶ
829 4057 923 4113 πλάτος
940 4060 1067 4129 γραμμῆς
1084 4061 1191 4125 κίνησις,

50 4144 214 4211 ἐπιφανείας
239 4141 346 4212 γένεσιν
372 4144 403 4199 ἐν
429 4146 517 4216 τριάδι
535 4143 666 4216 παρέσχε,
687 4145 791 4214 βάθους
809 4142 839 4197 δὲ
857 4145 953 4200 τούτοις
970 4146 1023 4210 (ita
1041 4145 1191 4201 Schwartz

50 4234 84 4285 in
103 4231 173 4283 add.
192 4231 260 4283 edit.
280 4233 387 4299 Paion)
414 4229 633 4301 προσγενομένου
661 4231 705 4284 διά
724 4232 856 4301 τεττάρων
874 4232 913 4287 ni
930 4231 1037 4301 στερεόν
1055 4231 1070 4296 ἡ
1089 4231 1193 4297 αῦξησις

49 4317 199 4385 προβαίνει.
