2916 5004
618 362 833 423 ...28-

359 548 511 600 Chalcidii.

160 670 249 721 quam
262 654 328 718 ipse
340 656 490 704 nascatur.
509 649 627 702 Etenim
640 650 700 701 duo

160 739 305 806 duplicati
323 737 446 804 pariunt
462 740 517 788 eto.

195 826 277 880 solus
290 822 478 889 septenarius
490 835 636 873 numerus
649 836 699 873 ue-

160 927 220 978 que
323 924 377 962 nee
482 911 700 974 proptereaque

160 997 298 1049 Minerva
308 997 324 1060 ¹)
337 1001 382 1048 est
394 1010 411 1046 a
425 992 577 1047 veteribus
592 1007 699 1058 cogno-

160 1083 300 1146 minatus
318 1081 390 1133 item
408 1085 440 1131 ut
458 1079 512 1131 illa
529 1078 594 1130 sine
608 1081 701 1129 matre

160 1171 365 1234 perpetuoque
385 1165 478 1232 virgo.

195 1252 345 1305 Naturalis
368 1267 438 1304 vero
461 1255 549 1317 atque
571 1249 701 1315 optimus

160 1338 289 1391 habetur
308 1337 430 1399 idcirco,
454 1337 524 1402 quia
544 1334 636 1386 multa
654 1348 700 1385 eo-

161 1439 229 1475 rum
260 1438 337 1488 quae
372 1429 497 1474 naturae
532 1421 600 1486 lege
635 1435 701 1485 pro-

162 1509 296 1572 veniunt,
324 1509 408 1560 iuxta
434 1508 515 1559 hunc
540 1521 701 1558 numerum

160 1596 227 1647 fleri
250 1597 400 1646 notantur.
437 1592 589 1658 Principio
611 1591 700 1656 septi-

160 1682 242 1734 mani
260 1679 393 1746 partus³)
411 1683 478 1731 ante
496 1683 610 1730 ceteros
628 1677 700 1744 legi-

160 1767 225 1818 timi
256 1769 328 1818 sunt
356 1766 389 1816 in
422 1765 542 1830 generis
578 1764 700 1816 humani

160 1852 281 1904 fetibus,
291 1851 400 1910 deinde
412 1849 492 1916 quod
503 1855 570 1915 post
583 1854 701 1917 partum

161 1938 289 2003 septimo
301 1951 403 1989 mense
419 1936 523 1988 dentes
533 1935 701 2002 aguntum),

161 2025 287 2089 septimo
317 2022 459 2086 deinceps
487 2036 565 2074 anno
584 2026 699 2074 mutan-

160 2112 218 2160 tur.
246 2109 326 2161 idom
346 2122 465 2174 quoquo
484 2108 616 2159 secunda
629 2107 699 2159 heb-

161 2193 287 2246 domade
305 2192 493 2258 pubertatem
512 2193 609 2246 adfert
628 2195 699 2245 utri-

161 2295 219 2346 que
238 2280 325 2332 sexui
343 2279 550 2345 gignendique
573 2285 602 2331 et.
622 2281 699 2346 pari·

161 2365 232 2417 endi
264 2366 473 2417 maturitatem.
511 2366 598 2418 tertia
629 2381 700 2418 vero

160 2451 348 2504 hebdomade
376 2455 503 2503 ostentat
529 2467 561 2503 se
588 2451 643 2503 flos
674 2456 701 2504 et

160 2537 271 2604 lanugo
290 2539 370 2589 cirea
382 2552 483 2603 genas,

514 2629 617 2689 quarta
631 2639 701 2677 vero

161 2707 348 2760 hebdomade
385 2707 573 2761 definiuntur
606 2712 701 2763 inore·

161 2799 261 2846 menta
280 2797 418 2846 staturae.

388 2899 389 2902 ¹
457 2880 561 2946 quinta
584 2883 703 2947 plenam

162 2963 305 3016 iuvenilis
350 2966 452 3018 aetatis
496 2967 590 3018 adfert
636 2983 702 3034 per-

162 3049 328 3100 tectionem.

196 3135 232 3186 In
242 3136 485 3201 aegritudinibus
494 3139 704 3205 quoqueiuxta

164 3220 293 3272 eundem
321 3237 482 3276 numerum
513 3228 609 3276 motus
640 3225 705 3276 fieri

162 3322 236 3359 usus
262 3307 512 3374 experientiaque
536 3309 646 3373 docuit,
677 3315 705 3361 et

162 3392 363 3458 Hippocrates
383 3409 452 3445 oum
470 3409 558 3461 saepo
578 3396 651 3448 alias
672 3397 704 3447 in

162 3478 317 3545 plerisque
340 3479 427 3532 libris
451 3481 513 3533 suis
532 3486 597 3534 tum
616 3483 704 3534 etiam

960 545 1103 599 Anatolii.

789 650 813 700 δ’
835 650 886 702 ὑπὸ
906 650 1003 704 δυάδος
1021 650 1159 717 γεννᾶται
1180 650 1265 701 ml..

788 819 928 890 ἑρδυμάςῖ)
946 822 1014 888 μάνη
1033 823 1088 872 ταῖν
1103 815 1189 874 ἑντός
1203 820 1266 872 δεκά

754 903 784 958 οὐ
814 911 898 977 γεννᾷ
928 906 992 960 οὐδὲ
1021 909 1158 974 γεννᾶται

754 995 870 1046 καλεῖται
884 994 935 1046 ὑπὸ
949 995 1002 1044 τών
1014 994 1229 1062 Πυθαγορείων
1243 1014 1268 1043 ,τι

755 1079 833 1134 utros
851 1079 969 1149 ἀμήτωρ.

789 1358 837 1408 pg.
856 1342 897 1393 36.
925 1338 1012 1390 πάντα
1032 1336 1208 1406 ητλέβδομα,

788 1615 837 1666 pg.
856 1600 897 1650 35.
925 1598 1024 1665 γόνιμα
1037 1597 1091 1663 γάρ
1104 1596 1141 1646 τά
1157 1594 1268 1666 ἑπτάμη

788 1874 836 1925 pg.
856 1857 897 1908 37.
925 1863 988 1910 παῖς
1004 1854 1058 1925 μὲν
1076 1855 1183 1924 ἄνηβος
1202 1853 1261 1911 ἐών

754 1945 845 2007 νήπιος
857 1941 934 2011 ἕρκος
945 1941 1061 1994 ὁδόντιον
1074 1945 1172 2010 φύσας
1186 1941 1269 2011 inficit

754 2034 861 2099 πρῶτον
878 2027 909 2084 ἑν
927 2029 993 2082 ἑπτά
1014 2027 1089 2083 ἔτεσι.

787 2117 845 2171 τους
864 2115 886 2167 δ’
898 2113 1002 2182 ἑτέρους
1021 2113 1062 2167 ὅτε
1081 2115 1114 2179 δη
1129 2114 1238 2170 τελέσει
1254 2125 1269 2165 u

753 2201 820 2256 ἑπτά
837 2199 979 2261 ἐνιαυτούς,
999 2199 1060 2270 ἥβης
1079 2201 1102 2253 δ’
1113 2196 1247 2272 ἐξεφάνη

753 2309 824 2358 ματιι
842 2288 990 2358 γινομένης.

787 2377 818 2445 τῃ”
844 2375 944 2444 τριτάτῃ
970 2374 1000 2428 δὲ
1021 2372 1128 2442 γένειον
1147 2370 1267 2446 άεέομέι

753 2457 799 2514 ἐπὶ
822 2462 907 2530 γυίων
929 2462 1075 2530 λαχνοῦται
1098 2463 1201 2528 χροιῆς
1228 2463 1269 2513 ἄν

755 2543 937 2617 ἀμειβομένης.

788 2635 820 2702 τῇ
845 2632 876 2687 δὲ
902 2634 1007 2703 τετάρτῃ
1036 2635 1088 2685 ταῖς
1114 2651 1152 2687 τις
1178 2627 1215 2686 ἐν
1235 2634 1266 2702 ip

753 2719 885 2787 μάδεσσιν
903 2719 1007 2788 ἄριστος
1025 2716 1115 2786 ἰσχύν,
1135 2712 1153 2788 ᾗ
1175 2721 1199 2772 τ’
1212 2721 1269 2773 <tud

755 2805 849 2874 σήματ’
868 2805 960 2874 ἔχουσι
979 2801 1078 2874 άρετῆς.

790 2887 897 2960 πέμπτῃ
918 2890 942 2942 δ’
951 2888 1034 2959 ὥριον
1053 2888 1142 2959 ἄνδρα
1160 2910 1189 2945 κ.
1201 2911 1223 2947 τ.
1235 2913 1259 2948 τι.

791 3155 838 3206 pg.
857 3142 897 3192 35.
925 3134 955 3192 ἐν
978 3140 1064 3195 νόσοις
1083 3134 1217 3203 εἰτιδηλοῖ
1233 3145 1247 3207 ἡ
1268 3184 1269 3188 ,

757 3225 848 3293 δομάς.

251 3668 269 3735 ¹)
288 3667 367 3720 Theo
386 3684 435 3736 pg.
456 3671 549 3734 103,3:
570 3669 611 3722 διὸ
629 3671 675 3722 καὶ
689 3667 790 3735 Ἀθηνᾶ
810 3672 861 3725 ont
880 3676 934 3724 τῶν
952 3676 1153 3742 Πυθαγορικῶν
1172 3672 1269 3728 ἐκάλει·

163 3751 221 3804 οὔτε
237 3752 334 3822 μητρός
350 3772 418 3808 τινος
436 3748 502 3808 οὖσα
521 3755 580 3808 οὔτε
597 3757 690 3825 μήτηρ.

249 3839 269 3906 ²)
289 3840 435 3895 Ordinem
454 3858 556 3895 rerum
578 3858 688 3910 sequor
707 3844 923 3898 Calcidianum.

248 3926 271 3995 ³)
290 3927 376 3980 Alex,
395 3930 427 3981 in
445 3930 574 3995 Metaph.
593 3946 642 3996 pg.
661 3931 746 3997 38,17
768 3931 929 3997 Haydurk:
958 3932 1032 3983 δοκεῖ
1057 3931 1110 3999 γάρ
1137 3932 1170 3982 τά
1201 3954 1269 4003 qaum

162 4011 220 4067 τούς
237 4013 348 4068 τελείους
365 4014 473 4083 καιροδς
497 4017 585 4083 ἴσχειν
601 4014 648 4064 καὶ
667 4012 797 4083 γενέσεως
816 4015 861 4068 καὶ
879 4017 1119 4087 τελειώσεωςκατά
1137 4014 1269 4090 ἑβδομάδ

163 4098 198 4154 ὦς
215 4094 256 4153 ἐπ’
277 4094 435 4170 ἀνθρώπου.
454 4099 500 4151 καὶ
517 4100 571 4168 γάρ
589 4101 700 4152 τίκτεται
718 4099 905 4172 ἑπταμηνιαῖα,
928 4103 974 4154 καὶ
996 4103 1156 4172 ὁδοντοιηυεῐ
1171 4109 1269 4161 τοσούτ

161 4186 263 4254 μηνῶν,
281 4185 328 4237 καὶ
346 4183 454 4254 aptaro
467 4185 530 4255 περὶ
541 4191 588 4249 τήν
600 4183 729 4255 δευτέραν
741 4184 888 4256 ἑβδομάδα,
910 4188 956 4238 καὶ
968 4192 1058 4259 γενειᾷ
1072 4188 1133 4257 περὶ
1144 4189 1197 4253 την
1210 4197 1269 4264 τρίς

246 4272 270 4340 4)
289 4273 349 4328 Cir.
368 4273 457 4327 Theo.
475 4289 524 4340 pg.
545 4273 629 4337 104‚5
642 4287 707 4340 sqq.
