2924 5002
621 389 836 448 ..64-

386 569 477 623 Sexti.

161 674 247 726 ἄλλων
266 668 395 742 άριόμοδν
413 666 592 740 άπεργαστικῆ
607 671 702 724 συστά-

160 779 234 826 σεως,
253 758 267 822 ῆ
287 755 316 811 δὲ
335 758 401 813 δυάς
417 758 516 827 μῆκους
532 752 605 811 ἐστίν
617 753 701 825 άπερ-

160 844 277 915 γαστικῆ.
295 845 422 913 καθάπερ
441 843 495 912 γάρ
509 842 554 896 ἐπὶ
568 847 621 895 τῶν
632 861 701 912 γεω-

159 933 293 1002 μετρικῶν
340 929 436 998 ιίργιόν
488 928 699 997 διιεδείξαμενῐ),
788 933 890 1000 πρῶτος
908 931 990 994 ἔδειξε
1008 932 1054 996 τῆν
1072 936 1179 1003 στερεοῦ
1201 934 1299 1002 φύσιν·

161 1022 266 1085 πραῖτον
284 1017 320 1072 τίς
338 1015 408 1070 έστιν
426 1014 555 1083 ῆστιγμῆ,
577 1009 633 1066 εἶτα
644 1016 699 1083 μετ’
752 1023 864 1081 σημεῖον
892 1019 954 1087 γάρ,
990 1013 1047 1070 είτα
1079 1019 1201 1089 γραμμή,
1239 1015 1298 1070 εἶτα

160 1101 269 1168 αόιῆνῆ
289 1101 401 1173 γραμμῆ
419 1104 502 1171 μῆκος
515 1097 628 1156 α’πλατὲς
639 1117 700 1168 τυγ-
752 1098 907 1172 ἐπιφάνεια,
944 1099 1001 1155 εἶτα
1035 1104 1150 1173 στερεόν,
1192 1103 1208 1157 ό
1245 1104 1304 1159 ἐστι

160 1191 290 1260 γάναυσα,
317 1190 359 1240 τόν
378 1184 458 1240 αὐτόν
476 1189 574 1258 τρόπον
592 1189 637 1240 καὶ
655 1186 699 1241 έπί
753 1189 865 1257 σαίμαῖ).

159 1279 204 1328 τοῦ
231 1276 360 1344 παρόντος
387 1273 402 1337 ῆ
425 1273 478 1343 μὲν
494 1273 580 1343 μονάς
597 1275 642 1326 τόν
659 1277 702 1337 τῆς

160 1363 268 1431 στιγμῆς
294 1360 388 1430 έπέχει
418 1360 504 1429 λόγον,
533 1359 546 1424 ῆ
578 1360 608 1414 δὲ
638 1361 703 1415 δυάς

160 1447 205 1498 τόν
231 1451 273 1512 τῆς
299 1450 427 1518 γραμμῆς
452 1447 498 1500 καὶ
529 1450 574 1500 τοῦ
603 1447 703 1517 μῆκους

161 1573 207 1586 ...
226 1533 240 1597 ῆ
260 1533 291 1588 δὲ
307 1535 380 1603 τριάς
397 1529 443 1587 ε’πὶ
461 1535 506 1585 τοῦ
527 1533 639 1589 πλάτους
657 1533 703 1585 καὶ

159 1623 202 1684 τῆς
229 1618 393 1690 ἐπιφανείας
419 1618 549 1675 ἐτέτακτο·
568 1660 616 1673 ...
635 1619 702 1671 ἀλλά

159 1705 211 1758 κάν
237 1704 414 1777 ἒιτιδεωρῆσγ4
437 1725 472 1761 τις
498 1707 529 1775 τῇ
555 1705 642 1773 τριάδι
662 1723 703 1758 τε·

159 1793 256 1862 τάρτῆν
283 1792 400 1861 μονάδα,
437 1788 548 1844 τουτέστι
582 1788 703 1861 τέταρτον

160 1885 278 1948 σημεῖον,
305 1879 407 1946 γίνεται
436 1875 564 1948 πυραμίς,
594 1877 704 1947 στερεόν

160 1966 240 2032 σῶμα
267 1964 313 2016 καί
341 1965 446 2033 σχῆμα·
474 1963 519 2015 καὶ
546 1963 601 2032 γάρ
619 1967 703 2034 μῆκος

159 2049 281 2118 ἔχεικαὶ
300 2049 395 2104 πλάτος
413 2049 457 2102 καί
476 2050 569 2118 βάθος.
589 2047 655 2103 ὥστε
671 2047 703 2104 ἐν

159 2138 196 2208 τῷ
222 2131 337 2205 τέσσαρα
366 2135 477 2207 ἀριθμῷ
503 2137 548 2187 τόν
571 2138 624 2188 τοῦ
642 2137 702 2190 σαί-

159 2240 258 2292 ματος
276 2218 455 2292 περιέχεσθαι
477 2222 563 2289 λόγον.
585 2222 631 2274 καὶ
648 2223 704 2293 μῆν

160 2308 206 2359 καὶ
232 2309 277 2361 τόν
303 2311 355 2373 τῆς
382 2311 501 2378 ψυχῆς
531 2308 566 2364 οἷς
586 2309 640 2378 γάρ
659 2312 704 2361 τόν

160 2392 223 2445 όλον
240 2395 342 2464 κόσμον
359 2395 426 2447 κατά
437 2394 581 2463 ,ἁρμονίαν
599 2393 705 2464 λέγουσι

162 2481 330 2546 διοικεῖσθαι,
358 2479 426 2534 οὕτω
453 2479 499 2533 καὶ
517 2481 544 2533 τό
564 2483 633 2552 ζῷον
650 2492 705 2546 ψο-

161 2567 314 2636 χοῆσθαιΒ).
334 2566 409 2619 δοκεῖ
426 2566 457 2620 δὲ
474 2566 488 2630 ῆ
507 2564 602 2621 τέλειος
619 2566 705 2636 ἁρμο-

161 2653 208 2705 νία
226 2650 257 2706 έν
274 2651 342 2721 τρισὶ
364 2655 534 2723 συμφωνίαις
557 2653 706 2722 λαμβάνειν

161 2737 208 2802 τῆν
225 2736 377 2804 ὑπόστασιν,
404 2741 436 2809 τῇ
461 2757 489 2793 τε
510 2740 554 2793 διά
573 2740 706 2809 τεττάρων

161 2823 207 2875 καὶ
226 2825 256 2894 τῇ
275 2823 319 2876 διά
338 2820 417 2878 πέντε
435 2826 480 2879 καὶ
498 2829 531 2896 τῇ
543 2825 588 2879 διά
602 2829 705 2880 πασῶν.

162 2908 176 2972 ῆ
203 2908 256 2977 μὲν
282 2902 331 2961 οὖν
359 2910 403 2962 διά
428 2912 565 2982 τεσσάρων
590 2907 621 2966 ἓν
647 2908 706 2966 ε’πι-

161 2996 237 3067 τρίτῳ
256 3002 339 3048 κεῖται
356 2996 435 3068 λόγῳ,
462 2998 476 3061 ἡ
506 2996 536 3052 δὲ
565 2999 609 3050 διά
627 2996 707 3051 πέντε

161 3077 192 3135 ἒν
223 3080 341 3153 ἡμιολίῳ,
374 3082 389 3146 ῆ
417 3082 448 3137 δὲ
474 3083 519 3136 διά
550 3087 647 3137 πασῶν
675 3080 706 3138 ἐν

935 2130 965 2189 οά
995 2134 1080 2207 μόνον
1110 2134 1140 2189 δὲ
1168 2136 1216 2187 τόν
1248 2139 1306 2191 τοῦ

757 2223 902 2293 στόματος
919 2218 1014 2292 ἐπέχει
1032 2222 1113 2291 λόγον
1124 2221 1155 2276 έν
1169 2222 1308 2293 ἀριθμοῖς

755 2309 853 2378 τετράς,
880 2309 946 2362 ἀλλά
974 2309 1019 2362 καί
1046 2309 1091 2361 τόν
1108 2311 1158 2373 τῆς
1176 2314 1305 2379 ψυχῆς·

757 2395 792 2451 αίς
809 2397 864 2466 γάρ
882 2397 928 2448 τόν
946 2393 1007 2448 όλον
1025 2395 1127 2464 κόσμον
1145 2393 1215 2465 φασὶ
1233 2399 1306 2451 κατά

757 2482 893 2554 ἁρμονίαν
920 2481 1087 2545 διοικεῖσθαι,
1114 2479 1182 2535 οὕτω
1206 2481 1254 2534 καὶ
1274 2484 1305 2537 τό

757 2571 826 2640 ζῴον
852 2569 1020 2646 ψυχοῦοθαι,
1049 2567 1125 2619 δοκεῖ
1148 2565 1178 2620 δὲ
1204 2565 1307 2626 τέλειος

757 2653 876 2724 ἁρμονία
902 2651 934 2707 ἑν
960 2654 1028 2724 τρισὶ
1055 2653 1227 2723 συμφωνίαις
1245 2654 1306 2725 δφ-

756 2740 873 2805 εστάναι,
891 2741 923 2809 τῇ
941 2739 986 2792 διά
1005 2739 1038 2806 δ’,
1058 2737 1110 2804 ῆτις
1126 2733 1157 2794 ἐν
1176 2733 1306 2813 ἐπιτρίτῳ

757 2833 841 2878 κεῖται
858 2823 937 2896 λόγῳ,
964 2828 996 2895 τῇ
1015 2824 1060 2878 διά
1078 2825 1101 2878 ε’
1128 2820 1159 2880 ἒν
1178 2823 1303 2898 ἡμιολίῳ,

758 2914 789 2982 τῇ
807 2911 852 2965 διά
871 2915 968 2964 πασῶν
985 2907 1016 2965 ἑν
1034 2911 1190 2964 διπλασίονι.

248 3324 269 3390 ¹)
287 3325 363 3378 Adv.
377 3341 472 3392 geom.
488 3327 518 3379 19
531 3342 607 3392 sqq.:
631 3325 801 3379 διδάσκουσιν
819 3325 889 3397 ῆμᾶς
907 3323 945 3378 ὅτι
963 3329 1044 3395 σῶμα
1060 3322 1114 3395 μέν
1131 3320 1185 3379 εὀτι
1204 3367 1253 3380 ...
1272 3331 1303 3380 τό

161 3410 205 3464 τάς
231 3415 301 3478 τρεῖς
327 3408 393 3479 ἔχον
420 3410 576 3476 διαστάσεις,
603 3414 687 3481 μῆκος
714 3412 809 3468 πλάτος
826 3413 911 3480 βάθος
995 3413 1104 3481 στιγμῆς
1123 3411 1177 3481 γάρ
1196 3413 1305 3480 ῥυείσης

161 3497 293 3567 γραμμῆν
318 3497 447 3564 γίνεσθαί
474 3515 550 3566 φασι,
578 3501 706 3569 γραμμῆς
733 3494 939 3569 δ’ἑπιφάνειαν,
964 3496 1128 3567 ἐπιφανείας
1145 3497 1175 3552 δὲ
1192 3499 1305 3570 στερεόν

162 3584 249 3653 σῶμα.
277 3582 349 3651 παρό
375 3581 422 3634 καὶ
440 3581 644 3652 ὑπογράφοντες
662 3581 768 3653 λέγουσι
787 3585 898 3656 οτιγμῆν
915 3583 968 3655 μὲν
985 3579 1057 3636 εἶναι
1074 3591 1184 3655 σημεῖον
1201 3580 1305 3656 άμερὲς

162 3667 208 3719 καὶ
236 3663 394 3720 άδιάστατον
420 3667 436 3733 ῆ
463 3667 548 3739 πέρας
573 3673 707 3739 γραμμῆς,
736 3670 867 3741 γραμμῆν
894 3669 925 3724 δὲ
949 3671 1034 3739 μῆκος
1052 3665 1165 3727 άπλατὲς
1181 3670 1199 3736 ’ῆ
1217 3671 1305 3743 πέρας

162 3749 332 3824 ἐπιφανείας,
357 3750 523 3824 ἐπιφάνειαν
548 3754 578 3810 δέ
597 3755 681 3826 πέρας
700 3757 821 3826 σώματος
839 3756 855 3822 ῆ
873 3758 969 3813 πλάτος
988 3753 1098 3827 άβοιθές.
1126 3777 1149 3811 κ.
1159 3776 1179 3812 τ.
1189 3760 1210 3813 λ.
1249 3763 1303 3819 cfr.

163 3842 229 3894 adv.
248 3842 335 3908 phys.
354 3843 438 3907 1,430
457 3846 484 3895 et
503 3843 577 3896 alios
595 3844 685 3898 locos,

248 3944 269 4013 2)
289 3945 398 3998 Confer
417 3945 552 3999 Philonis
571 3947 609 3999 do
628 3962 674 4014 op.
692 3963 731 4002 m.
750 3963 799 4025 pg.
820 3946 1036 4016 15‚15(00hn).

248 4047 268 4115 3)
288 4047 396 4101 Confer
415 4050 481 4102 adv.
493 4050 552 4115 log.
571 4050 594 4113 1,
605 4050 638 4102 92
657 4050 683 4118 (a
702 4065 761 4117 quo
774 4051 840 4103 1000
854 4066 959 4104 sumus
972 4051 1116 4117 profecti),
1136 4051 1202 4106 εδτ.
1215 4053 1296 4122 phys

162 4132 269 4197 11‚‘283.
305 4135 350 4185 Ne
379 4135 447 4200 quis
475 4135 649 4201 suspicetur
675 4135 800 4188 eSexto
827 4137 964 4205 haqsisse
983 4136 1177 4203 Anatolium„
1193 4146 1304 4192 moneo

162 4219 243 4271 idem
262 4218 350 4271 etiam
369 4221 559 4273 Macrobium
587 4225 616 4274 εί
637 4237 783 4283 summam
803 4238 906 4285 rerum
924 4223 1082 4275 Philonem
1101 4228 1129 4275 εί
1148 4224 1303 4285 Thoonem

163 4310 192 4356 οι
211 4305 399 4358 Chalcidium
418 4306 588 4360 tradidisse.
1061 4321 1063 4328 ·
