2916 5004
721 381 935 440 ..36-

346 564 469 628 Procul
493 562 593 628 dubio
615 564 718 646 igitur
740 564 803 628 luit
826 563 979 630 addictus
995 564 1130 630 scholae
1145 562 1396 645 Peripateticae

261 667 328 745 ille,
352 685 449 746 quem
473 667 648 747 exscripsit
670 667 703 730 in
728 668 791 731 hac
814 668 1044 732 commentarii
1071 674 1168 748 parte
1191 667 1397 734 Chalcidius.

262 771 376 850 Atque
411 789 484 835 eum
518 769 700 835 viderimus
734 771 767 834 in
800 771 878 849 11111,
902 789 987 852 quae
1010 770 1228 852 praecedunt,
1252 769 1398 851 quadra·

262 873 355 956 ginta
378 874 524 953 quinque
547 872 618 937 fere
642 872 807 952 capitibus
824 874 967 956 vestigia
983 874 1146 954 pressisse
1162 893 1238 940 eum
1256 873 1399 940 Adrasti

262 976 544 1056 Peripatetici,
584 995 724 1058 cumque
763 978 1029 1059 cognoverimus,
1072 995 1170 1057 quam
1209 976 1318 1043 luerit
1354 977 1401 1042 in-

261 1080 426 1163 tellegens
460 1098 569 1144 rerum
605 1081 823 1160 prolatarum,
858 1099 932 1144 eum
967 1080 1110 1160 denique
1141 1079 1259 1145 eodem
1286 1086 1401 1147 tenore

263 1182 444 1263 eodemque
469 1183 654 1249 disserendi
678 1203 801 1267 genere
816 1184 950 1265 prolata
965 1184 1036 1249 sine
1055 1185 1132 1263 ulla,
1159 1202 1249 1265 quae
1268 1185 1403 1265 quidem

262 1287 366 1368 possit
392 1286 545 1365 discerni,
570 1292 688 1352 sutura
711 1287 939 1371 adiungantur
962 1306 1014 1366 ea,
1046 1287 1085 1352 de
1111 1287 1231 1367 quibus
1258 1289 1405 1372 agimus

263 1390 340 1470 quid
365 1390 490 1456 conieis
513 1390 655 1469 facilius,
680 1391 758 1471 quid
782 1392 853 1457 veri
878 1390 1018 1458 similius
1042 1410 1142 1472 quam
1164 1390 1251 1456 haec
1269 1411 1405 1473 quoque

264 1493 465 1559 vindicanda
489 1512 563 1559 esse
587 1494 693 1558 eidem
717 1494 875 1560 Aclrasto.
911 1495 954 1559 Et
977 1494 1039 1560 hoe
1056 1493 1275 1574 aliquatenus
1293 1501 1408 1577 potest

264 1598 452 1663 confirmari
475 1615 515 1662 ae
539 1598 757 1677 comprobari.
804 1599 864 1682 Pg.
890 1597 1202 1678 ΗΘΛ-1911111,
1237 1599 1334 1679 quod
1367 1599 1405 1664 ad

264 1720 411 1779 sensum,
444 1701 544 1781 plane
579 1705 768 1783 congruunt
801 1720 874 1766 cum
904 1702 957 1781 iis,
993 1720 1080 1782 quae
1104 1721 1144 1766 ex
1168 1701 1326 1768 Adrasto
1352 1702 1405 1767 de·

264 1811 418 1886 prompta
452 1805 591 1887 legimus
624 1805 769 1870 Theonis
804 1805 878 1869 libri
912 1824 966 1886 pg.
994 1809 1284 1886 187,13-188,7,
1326 1806 1404 1870 item

264 1927 317 1992 pg.
336 1912 643 1989 175‚11-179,15.
661 1908 801 1973 Adrasti
825 1927 899 1973 esse
924 1909 993 1973 reri
1022 1908 1223 1974 simillimum
1248 1909 1406 1974 fecerunt

266 2012 433 2076 Martinus
457 2017 490 2075 et
513 2012 632 2076 Hiller.
670 2012 790 2092 Itaque
814 2031 920 2092 usque
944 2012 987 2077 ad
1009 2017 1207 2095 pg.179,15
1231 2013 1404 2078 minimum

267 2113 448 2191 Adrastum
473 2133 547 2180 esse
572 2133 766 2194 expressum
791 2135 812 2180 a
835 2114 1006 2181 Chalcidio
1031 2121 1173 2195 constat,
1197 2115 1237 2178 de
1264 2116 1404 2197 reliquis

266 2217 430 2297 capitibus
465 2216 548 2281 adeo
583 2224 740 2283 constare
771 2218 915 2298 videtur,
939 2226 976 2283 ut
998 2219 1077 2283 mihi
1102 2218 1234 2299 quidem
1259 2225 1402 2286 constet

352 2340 449 2403 Nune
484 2338 630 2404 breviter
665 2340 763 2403 etiam
792 2359 842 2418 ea,
867 2359 953 2420 quae
977 2339 1086 2420 ipsum
1110 2338 1321 2405 Chalcidium
1349 2340 1402 2407 ad·

266 2442 390 2508 didisse
424 2459 555 2522 censeo,
589 2443 823 2524 perstringam.
870 2444 947 2508 Huc
980 2443 1149 2524 pertinent
1182 2462 1299 2509 omnes
1331 2445 1403 2523 loci,

267 2547 321 2626 qui
361 2547 484 2627 sumpti
521 2550 601 2611 sunt
634 2564 651 2610 e
686 2547 793 2612 sacris
826 2546 1028 2612 Iudaeorum
1068 2552 1102 2611 et
1135 2545 1403 2614 Christianorum

266 2649 410 2730 scriptis
434 2669 517 2729 quos
542 2649 583 2714 ab
607 2650 664 2715 illo
687 2651 759 2731 ipso
784 2669 858 2715 esse
881 2651 1029 2716 insertos
1053 2671 1070 2716 e
1094 2649 1263 2715 nonnullis
1287 2670 1404 2718 eorum

267 2753 356 2817 clare
380 2752 498 2818 elucet.
533 2754 619 2818 Nam
644 2759 681 2818 ut
702 2754 978 2833 praetermittam,
1003 2755 1088 2835 quod
1113 2754 1232 2819 inscite
1255 2754 1403 2835 plerum·

268 2876 330 2937 que
354 2856 461 2921 assuti
483 2857 517 2921 hi
541 2858 643 2937 panni
659 2858 742 2922 satis
759 2857 897 2923 absurdi
912 2857 1071 2922 videntur
1086 2857 1174 2922 inter
1190 2857 1404 2938 antiquorum

267 2960 538 3041 philosophorum
577 2961 711 3041 placita,
749 2961 783 3024 in
824 2961 875 3025 his
920 2960 1001 3026 solis
1048 2960 1241 3042 adloquitur
1285 2966 1406 3026 auctor

267 3062 418 3142 Hosium,
453 3063 548 3128 euius
581 3065 676 3130 iussu
711 3084 794 3144 opus
829 3065 980 3144 confecit,
1009 3069 1046 3129 ut
1068 3083 1122 3148 pg.
1149 3069 1267 3145 191,8:
1293 3084 1405 3146 „quae

267 3166 323 3231 tibi
348 3167 451 3231 multo
470 3166 587 3231 melius
604 3172 681 3231 sunt
696 3176 868 3248 comperta
884 3187 984 3248 quam
1000 3167 1143 3233 1111111ιι
1165 3173 1197 3232 et
1213 3186 1266 3250 pg.
1282 3173 1360 3250 196,
1372 3174 1406 3233 6:

268 3276 326 3348 „ut
348 3270 470 3351 optime
494 3270 613 3336 nosti“.
648 3272 723 3335 Non
747 3271 857 3337 minus
880 3272 978 3337 facile
1003 3273 1068 3336 alio
1092 3273 1164 3337 loeo
1181 3269 1340 3354 (pg.254,
1355 3273 1408 3355 18)

262 3374 429 3464 vsentimus
467 3373 508 3438 ab
546 3374 618 3455 ipso
657 3375 872 3455 compilatore
911 3377 973 3440 hoc
1012 3394 1086 3441 esso
1124 3374 1283 3454 adlatum,
1330 3396 1407 3444 cum

266 3615 347 3665 Iovis
367 3613 528 3679 Capitolini
547 3612 681 3665 eburnei.
719 3614 793 3667 Cum
817 3629 912 3680 neque
936 3615 973 3667 de
992 3614 1152 3680 Apollonio
1171 3613 1285 3665 artifice
1307 3630 1411 3682 neque

268 3700 304 3751 de
332 3699 386 3751 hae
414 3703 510 3751 statua
537 3700 701 3765 quidquam
729 3702 803 3753 certi
823 3701 862 3753 sit
880 3701 1023 3752 traditum
1042 3700 1323 3766 (Pauly-Wissowa
1342 3702 1411 3755 sub.

267 3786 426 3852 Apollonio
448 3785 515 3852 122),
535 3801 595 3837 non
615 3786 807 3837 temerarium
826 3790 870 3838 est
891 3786 1026 3838 conicere
1044 3790 1207 3853 utrumque
1224 3784 1322 3838 fuisse
1337 3789 1413 3841 satis

267 3873 410 3938 ignotum.
456 3871 536 3935 Quid
564 3887 634 3939 ergo
664 3873 822 3924 commovit
850 3872 1046 3935 Chalcidium,
1075 3873 1151 3924 hane
1180 3871 1349 3938 imaginem
1380 3881 1415 3928 ut

267 3957 403 4010 afferret?
442 3959 590 4011 Nimirum
618 3960 649 4010 in
678 3960 851 4025 exemplari,
880 3976 938 4025 quo
966 3974 1040 4011 usus
1069 3963 1114 4011 est
1141 3958 1200 4021 ille,
1228 3962 1338 4012 auctor
1359 3963 1413 4014 ad·

266 4045 407 4097 hibuerat
433 4045 509 4096 illud
538 4045 738 4097 clarissimum
759 4045 880 4097 Phidiae
908 4061 984 4111 opus
1004 4044 1160 4110 Olympiae
1179 4044 1306 4109 cultum,
1327 4049 1415 4113 quod

268 4131 449 4192 Chalcidicis,
477 4144 546 4180 cum
573 4130 758 4182 meminisset
777 4132 885 4181 Romae
914 4145 979 4181 esse
1007 4129 1105 4180 simile
1134 4128 1216 4196 qnid,
1241 4128 1299 4181 hoe
1320 4134 1415 4187 modo

267 4217 400 4280 mutavit,
420 4230 479 4282 quo
498 4216 593 4281 magis
612 4218 807 4281 persuaderet
825 4216 930 4268 lectori
950 4232 1039 4267 suum
1059 4216 1156 4281 ipsius
1176 4230 1240 4267 esse
1260 4229 1352 4284 apua,
1383 4221 1416 4273 id

268 4302 348 4369 quod
367 4301 426 4353 iam
445 4302 475 4352 in
495 4303 647 4366 prooemio
667 4302 818 4354 mentitur.
