2916 5004
611 383 829 442 ..35-

242 568 303 650 Pg.
330 571 403 648 295,
417 573 458 631 14
479 566 690 647 philosophia
713 586 803 632 more
828 566 1046 632 Aristotelico
1073 567 1234 633 dividitur
1256 568 1288 632 in

156 670 398 752 philosophiam
422 669 703 736 considerativam
728 674 762 735 et
784 670 941 747 activam,
964 689 1082 737 rursus
1100 671 1290 737 considera-

156 773 230 839 tiva
252 774 284 837 in
308 773 521 857 theologiam,
546 773 827 853 mathematicam,
850 772 1023 855 physicam
1037 771 1069 852 ¹).

243 877 305 960 Pg.
329 881 456 957 310‚23
484 876 526 941 de
554 876 696 941 matoria
727 875 958 957 disputaturus
982 877 1168 956 praemittit
1192 877 1291 944 Chal-

157 979 264 1045 cidins
288 979 422 1045 brevem
447 985 662 1060 conspectum
685 980 943 1061 praecipuarum
965 979 1006 1044 de
1028 980 1088 1045 illa
1108 982 1292 1048 sententia-

156 1102 241 1163 rum,
284 1102 380 1164 quem
424 1088 598 1148 mutuatus
636 1090 689 1149 est
727 1103 768 1148 ex
805 1083 1000 1148 Aristotelis
1037 1084 1185 1166 Metaph.
1211 1086 1238 1165 Ι,
1263 1091 1292 1167 3,

110 1256 112 1261 ,
157 1182 257 1266 9821),
270 1184 354 1268 20²).
401 1185 594 1266 Sequuntur
617 1186 754 1252 liberius
778 1185 1012 1266 transscripta,
1049 1205 1134 1266 quae
1158 1189 1294 1269 exponit

137 1338 140 1345 .
157 1289 361 1355 Aristoteles
384 1291 417 1353 in
427 1290 536 1372 Phys.
562 1290 581 1354 l.
598 1290 615 1352 I
638 1310 665 1355 c.
683 1295 712 1368 8,
737 1289 858 1370 quibus
877 1289 965 1354 satis
982 1296 1140 1355 accurate
1157 1309 1291 1358 versum

157 1392 295 1459 additur
317 1393 419 1475 Phys.
444 1393 464 1457 l.
481 1393 498 1457 I
521 1412 548 1458 c.
566 1398 594 1458 9.
635 1393 765 1474 Quibus
781 1393 883 1458 latins
900 1393 1076 1474 explicatis
1093 1393 1293 1460 Stoicorum-

158 1517 224 1578 que
248 1496 382 1563 etitem
404 1497 620 1580 Pythagorae
656 1497 696 1562 do
726 1496 868 1561 materia
891 1496 1102 1580 dogmatibus
1127 1499 1294 1565 enarratis

156 1605 300 1666 conatur
323 1604 449 1680 auctor,
473 1606 651 1681 postquam
669 1599 892 1666 Aristotelicis
913 1600 1133 1667 concludendi
1156 1602 1293 1667 rationi·

157 1704 220 1773 bus
243 1703 440 1769 Platonicae
463 1703 525 1782 dei,
560 1703 678 1784 silvae,
713 1703 854 1784 exempli
878 1703 1057 1770 notitiones
1082 1705 1294 1787 exprompsit,

155 1806 237 1872 inde
261 1826 357 1890 apg.
382 1812 444 1871 336
479 1807 578 1872 etiam
602 1806 812 1872 Platonicam
848 1806 888 1871 de
923 1807 1065 1872 materia
1092 1809 1293 1874 sententiam

155 1910 384 1992 interpretari.
423 1911 536 1990 Atque
561 1910 677 1976 mirum
701 1917 862 1991 quantum
887 1911 1043 1994 congruit
1070 1930 1142 1976 cum
1164 1913 1295 1978 Aristo-

142 2014 261 2080 telica
273 2014 475 2079 definitione.
489 2014 573 2079 Esse
587 2014 673 2080 enim
687 2014 859 2079 contendit
870 2014 1046 2080 materiam
1060 2017 1195 2099 lpg.337
1209 2013 1295 2098 sqq.)

156 2119 336 2184 Platonem
371 2117 466 2198 sequi
499 2136 535 2182 se
570 2116 700 2199 ratus³l
735 2117 958 2198 possibilitate
982 2119 1093 2184 omnia
1116 2123 1149 2183 et
1171 2120 1296 2185 habere

157 2221 380 2302 possibilitate
415 2240 530 2287 omnes
565 2221 746 2302 qualitates
782 2227 815 2286 et
849 2239 924 2288 esse
958 2221 1132 2302 infinitam,
1167 2242 1232 2288 non
1259 2243 1295 2288 re

158 2343 254 2405 vera,
278 2324 336 2390 sed
353 2343 441 2406 quae
458 2343 522 2390 non
538 2325 645 2406 possit
661 2325 794 2406 „aliquo
810 2325 914 2389 limite
931 2325 1130 2405 circumiri‘,
1155 2325 1295 2392 eandem

155 2447 235 2517 ⁸esse
252 2448 360 2510 neque
377 2447 572 2510 corpoream
589 2448 651 2494 nec
667 2429 909 2509 incorpoream,
933 2447 1020 2508 quae
1037 2429 1149 2494 omnia
1165 2430 1297 2510 plenam

160 2532 358 2599 Aristotelis
382 2532 552 2598 continere
577 2531 763 2598 doctrinam
786 2531 884 2596 facile
910 2529 1048 2613 vides4).
1087 2531 1185 2597 Adde
1210 2533 1297 2613 quod

160 2637 247 2722 haec
274 2637 384 2702 omnia
411 2635 601 2701 efficiuntur
623 2634 849 2700 Aristotelieis
879 2635 1085 2717 argumentis
1110 2642 1145 2700 ut
1167 2641 1294 2719 pg.341

161 2738 234 2822 (cfr.
248 2745 321 2820 357,
333 2738 367 2822 7)
383 2740 522 2824 singulis
539 2739 711 2806 elementis
728 2737 826 2803 binae
844 2737 1057 2803 vindicantur
1070 2739 1250 2818 qualitates
1261 2735 1296 2821 ⁵),

163 2863 218 2927 pg.
243 2848 305 2918 343
340 2842 454 2908 decem
489 2842 681 2924 categoriae
707 2848 879 2922 tamquam
903 2841 1055 2907 omnibus
1077 2842 1240 2922 probatae
1263 2841 1297 2905 in

164 2965 263 3013 usum
286 2951 459 3011 vocantur.
695 2997 697 3000 ,

252 3049 380 3116 nouem
391 3050 488 3116 modo
502 3069 552 3130 ea,
566 3067 652 3130 quae
665 3050 879 3131 disputantur
892 3048 1050 3130 deinceps
1064 3048 1201 3131 (pg.360
1211 3045 1299 3130 sqq.)

166 3153 208 3220 de
241 3153 325 3219 ideis
358 3153 552 3232 Platonicis
591 3153 699 3236 magis
734 3152 952 3219 Aristotelico
990 3171 1089 3233 quam
1124 3151 1299 3218 Platonico

127 3275 131 3281 ’
167 3257 421 3343 accommodata
443 3262 522 3323 sunt
544 3256 721 3341 ingeniol).
771 3281 774 3288 ·

110 3463 112 3468 ’
166 3445 281 3499 iudicio
308 3460 397 3498 usum
424 3447 480 3498 hoc
509 3447 655 3500 docuisse.
695 3446 811 3513 (Simpl.
840 3444 877 3497 de
905 3444 987 3496 coelo
1014 3442 1102 3507 6025
1130 3439 1300 3511 [Heiberg]:

110 3519 112 3552 ἶ
167 3529 338 3599 Θεόφραστος
353 3529 407 3600 μὲν
424 3527 478 3583 sind
497 3527 654 3600 ὀφθαλμῶν
672 3526 819 3600 ἀνθρώπου
838 3529 928 3598 φλόγα
941 3525 1099 3597 ἐκκριθῆναι
1111 3527 1216 3594 ἱστορεῖ,
1237 3527 1300 3593 qui·

110 3632 112 3636 ·
166 3619 298 3672 buscum
317 3619 453 3671 conferas
471 3618 536 3670 Aet.
554 3619 628 3684 plac.
645 3618 696 3682 IV,
709 3617 758 3682 13.)

160 3760 162 3764 ,
257 3705 275 3772 ¹)
294 3705 423 3771 Metaph.
441 3705 478 3769 V,
491 3705 514 3768 Ι,
530 3703 672 3756 1025-26.

177 3802 180 3806 ⁴
256 3791 278 3860 ²)
297 3791 380 3844 Diels
399 3791 476 3842 Dux.
496 3791 545 3843 Gr.
563 3807 611 3857 pg.
633 3789 681 3842 170
699 3789 766 3841 adn.
787 3790 809 3840 1.

255 3878 276 3944 3)
296 3879 347 3945 Pg.
366 3877 480 3942 344‚21:
501 3878 578 3942 „Iam
599 3891 666 3928 cum
686 3875 793 3938 omnia,
816 3889 893 3940 quae
912 3872 1099 3939 propositum
1119 3873 1182 3921 erat
1200 3884 1301 3921 recen-

169 3981 245 4030 sere,
258 3964 423 4031 perspicaci
437 3963 673 4016 consideratione
687 3962 815 4014 decursa
828 3960 890 4012 sint
903 3961 986 4010 iuxta
999 3954 1302 4038 Platonici‘dogmatis

171 4052 377 4104 auctoritatem
397 4090 421 4103 ..
436 4052 458 4101 .“

257 4136 278 4205 4)
297 4137 394 4190 Zeller
413 4137 449 4200 Il,
463 4136 487 4200 2,
500 4135 551 4188 313
564 4151 628 4201 sqq.

257 4224 277 4289 ὅ)
296 4223 393 4276 Zeller
411 4223 449 4287 ΙΙ,
461 4222 486 4287 2,
498 4222 625 4273 443-45.

258 4309 281 4378 6)
299 4311 351 4376 Pg.
365 4309 467 4374 361‚20
486 4307 678 4375 comparandi
694 4307 790 4374 gratia
807 4304 916 4356 mentio
934 4303 967 4354 flt
979 4301 1134 4354 simulacri
1147 4299 1304 4351 cuiusdam

1167 4385 1200 4437 3²³²
