2916 5004
619 393 834 454 ..16-

161 577 319 642 amulam
348 575 468 642 dosunt
502 576 655 656 Proclus,
683 575 889 655 chalcidius,
912 576 1129 642 Plutarchus.
1180 576 1301 657 Itaque

162 685 274 746 autum
298 684 348 746 est
372 679 413 744 de
436 680 500 743 hae
524 679 614 746 illius
638 680 804 761 opinione,
829 686 861 746 et
876 680 1004 745 Thenai
1027 681 1090 762 ipsi
1113 680 1210 744 haue
1232 681 1302 745 libri

160 791 291 865 partem
314 788 390 848 esse
413 780 648 848 vindicandam
673 788 816 849 constat.

248 901 314 969 Sed
348 902 479 968 aninam
515 901 614 967 dehet
648 921 721 967 eam
746 903 848 982 Theo,
872 903 1029 984 quoniam
1053 923 1089 969 se
1112 904 1202 969 nihil
1229 906 1303 970 nori

162 1005 361 1086 adlaturum,
386 1004 456 1084 sed,
481 1023 568 1085 quae
592 1005 649 1070 alii
673 1011 751 1071 ante
775 1025 810 1072 se
834 1006 1064 1086 tradidissent,
1099 1006 1304 1074 dilucidiora

160 1107 368 1174 redditurum
392 1127 465 1173 esse
488 1108 561 1188 ipse
583 1109 780 1189 profitetur?
793 1107 815 1190 ¹)

247 1228 427 1294 Habentur
449 1248 502 1312 pg.
527 1233 632 1308 84,15
667 1226 821 1313 διαφέρει
854 1226 891 1294 dl
925 1227 1110 1312 ἀναλογίας
1137 1232 1304 1316 μεσότης,

161 1330 279 1416 ἐττειόη
309 1332 340 1396 εί
371 1332 436 1414 μέν
469 1350 503 1395 τι
536 1329 712 1413 ἀναλογία,
747 1336 851 1397 τοῦτο
886 1334 944 1396 καί
969 1333 1128 1416 μεσότης,
1155 1336 1188 1399 εί
1214 1334 1257 1401 ds
1279 1359 1305 1401 τι

160 1436 321 1519 μεσότης,
357 1433 421 1499 οὐκ
454 1433 563 1515 εὐόός
597 1433 773 1517 ἀναλογία,
813 1455 899 1516 quae
937 1455 1011 1502 enm
1046 1437 1170 1504 ueteris
1206 1459 1305 1520 prae·

162 1539 358 1605 cedentibus
391 1537 468 1603 inde
504 1556 600 1620 apg.
624 1542 676 1602 49.
702 1538 842 1603 Adrasti
871 1557 946 1605 esse
975 1558 992 1604 e
1016 1540 1164 1605 Theonis
1191 1544 1306 1608 verbis

161 1642 374 1724 perspicuum
397 1646 458 1706 est.
494 1640 652 1722 Sequitur
667 1641 743 1706 inde
760 1661 781 1707 a
796 1660 850 1725 pg.
864 1647 915 1721 85,
930 1647 949 1707 8
965 1661 1069 1726 nsque
1086 1643 1128 1708 ad
1146 1664 1206 1729 pg.
1224 1651 1306 1728 93,8

161 1746 398 1830 fragmentum,
433 1743 520 1825 quod
557 1763 575 1808 e
609 1745 778 1828 Thrasylli
812 1744 957 1825 quodam
991 1765 1092 1827 opere
1127 1757 1306 1831 sumptum

161 1868 237 1916 esse
259 1850 339 1915 item
356 1849 447 1913 Theo
470 1848 544 1928 ipse
567 1847 703 1913 indicat.
738 1849 815 1931 Qua
837 1849 870 1913 in
894 1853 1046 1915 extrema
1069 1849 1306 1929 disputatione

161 1951 228 2037 (pg.
252 1951 350 2034 93,8)
381 1951 497 2017 scribit
519 1951 618 2017 haee:
653 1952 711 2016 καί
733 1952 755 2035 ἡ
778 1951 843 2034 μὲν
864 1950 936 2016 ὑπὸ
962 1949 1166 2035 Θρασύλλου
1191 1978 1305 2040 παρα-

161 2055 327 2140 όεόομένη
351 2056 534 2138 κατατομὴ
557 2058 620 2120 τοῦ
645 2055 794 2137 κανόνος
817 2053 884 2121 ride
907 2054 982 2138 ἔχει.
1017 2054 1058 2121 ὃν
1093 2054 1129 2121 di
1166 2061 1305 2143 τρόπον

161 2161 220 2224 καί
242 2159 300 2224 ἐισί
322 2165 385 2243 τῆς
407 2163 479 2225 τῶν
502 2156 595 2223 ὅλων
617 2157 849 2242 ἐφαρμόζεται
873 2161 1032 2242 σφαίρας,
1067 2159 1219 2227 ἐπειδὰν
1254 2166 1305 2230 καί

161 2263 245 2345 τοὺς
268 2262 500 2347 ἀστρονομίας
523 2260 717 2346 &adalarde
739 2260 872 2345 λόγους,
907 2260 1174 2346 ιταραόείξομεν.
1215 2270 1304 2333 νυνί

89 2415 91 2419 ⁷
161 2365 498 2450 δ’ἐιιανέλόωμεν
535 2365 602 2430 ἑτιί
639 2364 711 2430 τόν
747 2370 829 2431 τῶν
865 2364 1023 2431 λοιπῶν
1066 2365 1304 2453 ἀναλογιῶν

160 2472 228 2536 καί
259 2472 500 2554 μεσοτήτων
532 2467 673 2551 λόγον,
703 2467 859 2553 ἐπειδὴ,
887 2470 940 2551 ῶς
964 2468 1132 2553 ἔφαμεν,
1159 2473 1181 2556 η
1210 2473 1303 2540 ἀνα·

159 2572 276 2657 λογία
305 2575 373 2639 καί
394 2573 585 2656 μεσότης,
620 2571 666 2638 οὐ
697 2573 840 2655 μέντοι
863 2573 884 2657 η
907 2573 1086 2657 μεσότης
1109 2576 1180 2640 καί
1208 2577 1302 2644 ἀνα-

159 2675 285 2760 λογία.
310 2675 403 2742 uadi
428 2675 469 2760 όη
493 2677 515 2760 ἡ
539 2674 705 2758 ἀναλογία
721 2678 780 2742 καί
798 2677 949 2760 μεσότης
969 2676 1071 2757 ἐστίν,
1096 2677 1302 2764 ἀκόλουόος

161 2778 205 2846 ἂν
234 2780 286 2864 εἴη
322 2780 339 2846 ὁ
374 2782 453 2863 τιερί
487 2784 559 2844 τῶν
593 2777 787 2861 ἀναλογιῶν
813 2781 872 2845 καί
894 2781 973 2863 ιτερὶ
996 2785 1068 2846 τῶν
1090 2789 1301 2871 μεσοτήτων

159 2885 271 2970 λόγος,
305 2886 426 2968 quibus
460 2887 533 2951 luce
568 2886 693 2952 alarius
728 2885 895 2970 significat
929 2906 965 2953 se
1002 2905 1091 2952 nuua
1118 2887 1160 2952 ad
1188 2889 1300 2973 dispu-

162 2991 320 3057 tationem
359 3008 413 3073 pg.
448 2993 498 3056 85.
534 2989 704 3072 Thrasylli
741 2989 929 3074 fragmento
963 2991 1160 3072 interposito
1198 2993 1300 3060 inter·

161 3100 293 3177 ruptam
328 3094 414 3159 vella
447 3093 582 3159 reverti.
629 3092 697 3159 Sed
731 3098 844 3159 tamen
875 3094 937 3158 hoe
959 3095 1158 3174 promissum
1183 3098 1300 3164 statim

161 3216 227 3264 nou
262 3195 372 3277 effluit,
407 3196 465 3262 sed
499 3195 593 3278 prins
626 3196 738 3262 verbis
772 3193 889 3279 ἐπειδὴ
921 3194 990 3278 nih
1015 3197 1145 3278 πάντες
1168 3201 1208 3264 οἱ
1233 3206 1301 3268 τῶν

162 3303 375 3384 συμφωνιῶν
408 3297 604 3382 εὑρέθησαν
637 3297 742 3381 λόγοι,
778 3297 875 3364 nadal
899 3297 1076 3379 όέόειιιται,
1107 3301 1144 3365 ἐν
1168 3310 1218 3389 τῇ
1244 3310 1301 3389 τῆς

162 3401 307 3485 όεκάόος
344 3403 536 3485 τετρακτύι,
576 3403 634 3467 καὶ
667 3405 747 3486 περὶ
780 3403 917 3468 τούτων
950 3405 1122 3487 πρότερον
1155 3402 1301 3474 λεκτέον

159 3509 251 3574 illam
287 3507 327 3573 de
362 3507 510 3571 numeris
539 3505 871 3572 dissertatiunculam
894 3505 1055 3591 adiungit.
1102 3507 1179 3590 Qua
1206 3513 1302 3578 finita

161 3630 216 3696 pg.
242 3615 314 3689 106,
329 3615 368 3675 12
403 3610 534 3675 demum
557 3609 676 3674 iisdem
698 3609 768 3675 lere
792 3609 914 3689 verbis,
947 3611 1067 3691 quibus
1090 3616 1194 3678 autea
1221 3600 1302 3683 usus

162 3720 223 3795 est,
257 3713 441 3779 ἐπανιτέον
475 3710 512 3777 di
535 3712 593 3777 ἐιτί
615 3710 677 3776 τὸν
700 3717 772 3777 τῶν
795 3711 988 3795 ἀναλογιῶν
1011 3716 1070 3779 καί
1091 3721 1302 3805 μεσοτητων

160 3814 264 3899 λόγον
297 3837 333 3883 re
368 3836 452 3884 vera
482 3816 524 3882 ad
548 3816 808 3897 disputationem
832 3817 1053 3898 interruptam
1075 3819 1172 3900 redit,
1201 3842 1302 3905 quam

79 3913 82 3919 ’
161 3920 300 3986 Adrasti
325 3939 398 3986 esse
423 3920 523 3984 eliam
547 3919 705 3984 hocloco
730 3921 843 3985 statim
865 3920 960 3986 nohis
976 3929 1093 4002 aperte
1108 3923 1201 3991 dicit.
1241 3929 1303 3997 Cui

249 4143 257 4180 ¹
328 4181 334 4196 .
370 4141 447 4194 710.

246 4141 267 4296 ό
284 4141 432 4281 ἕξοόεάαε
459 4226 535 4278 mihi
552 4226 663 4279 Hilleri
690 4223 720 4280 δέ
748 4227 887 4280 addentis
915 4229 1095 4295 coniectura,
1123 4246 1203 4296 qnae
1235 4253 1303 4289 oum

160 4314 236 4367 luris
255 4317 318 4366 tum
336 4312 507 4366 necessaria
528 4313 656 4366 videtur.
